@inproceedings{8625025,
    title = {{A Benchmarking of DCM Based Architectures for Position and Velocity Controlled Walking of Humanoid Robots}},
    year = {2018},
    booktitle = {2018 IEEE-RAS 18th International Conference on Humanoid Robots (Humanoids)},
    author = {Romualdi, Giulio and Dafarra, Stefano and Hu, Yue and Pucci, Daniele},
    month = {11},
    pages = {1--9},
    publisher = {IEEE},
    url = {https://ieeexplore.ieee.org/document/8625025/},
    isbn = {978-1-5386-7283-9},
    doi = {10.1109/HUMANOIDS.2018.8625025},
    issn = {2164-0580},
    keywords = {Humanoid robots, Legged locomotion, Trajectory optim}
}

@article{Lankarani1990,
    title = {{A contact force model with hysteresis damping for impact analysis of multibody systems}},
    year = {1990},
    journal = {Journal of Mechanical Design, Transactions of the ASME},
    author = {Lankarani, H. M. and Nikravesh, P. E.},
    number = {3},
    month = {9},
    pages = {369--376},
    volume = {112},
    publisher = {American Society of Mechanical Engineers Digital Collection},
    doi = {10.1115/1.2912617},
    issn = {10500472},
    keywords = {Collisions (Physics)}
}

@inproceedings{8594277,
    title = {{A Control Architecture with Online Predictive Planning for Position and Torque Controlled Walking of Humanoid Robots}},
    year = {2018},
    booktitle = {2018 IEEE/RSJ International Conference on Intelligent Robots and Systems (IROS)},
    author = {Dafarra, Stefano and Nava, Gabriele and Charbonneau, Marie and Guedelha, Nuno and Andradel, Francisco and Traversaro, Silvio and Fiorio, Luca and Romano, Francesco and Nori, Francesco and Metta, Giorgio and Pucci, Daniele},
    month = {10},
    pages = {1--9},
    publisher = {IEEE},
    url = {https://ieeexplore.ieee.org/document/8594277/},
    isbn = {978-1-5386-8094-0},
    doi = {10.1109/IROS.2018.8594277},
    issn = {2153-0866},
    keywords = {Legged locomotion;Trajectory;Computer architecture}
}

@book{Murray1994,
    title = {{A Mathematical Introduction to Robotic Manipulation}},
    year = {1994},
    author = {Murray, Richard M and Sastry, S Shankar and Zexiang, Li},
    edition = {1st},
    publisher = {CRC Press, Inc.},
    address = {Boca Raton, FL, USA},
    isbn = {0849379814}
}

@article{Fitzpatrick2014,
    title = {{A middle way for robotics middleware}},
    year = {2014},
    journal = {Journal of Software Engineering for Robotics},
    author = {Fitzpatrick, Paul and Ceseracciu, Elena and Domenichelli, Daniele E and Paikan, Ali and Metta, Giorgio and Natale, Lorenzo},
    number = {2},
    pages = {42--49},
    volume = {5},
    issn = {2035-3928},
    keywords = {Index Terms—Robotics, component-based software, interoperability, middleware}
}

@article{Lee2012,
    title = {{A momentum-based balance controller for humanoid robots on non-level and non-stationary ground}},
    year = {2012},
    journal = {Autonomous Robots},
    author = {Lee, Sung-Hee and Goswami, Ambarish},
    number = {4},
    pages = {399--414},
    volume = {33},
    doi = {10.1007/s10514-012-9294-z},
    issn = {1573-7527}
}

@article{Bock84,
    title = {{A Multiple Shooting Algorithm for Direct Solution of Optimal Control Problems *}},
    year = {1984},
    journal = {IFAC Proceedings Volumes},
    author = {Bock, H.G. and Plitt, K.J.},
    number = {2},
    month = {7},
    pages = {1603--1608},
    volume = {17},
    url = {https://linkinghub.elsevier.com/retrieve/pii/S1474667017612059},
    doi = {10.1016/S1474-6670(17)61205-9},
    issn = {14746670},
    keywords = {Optimal control, aerospace trajectories, multiple shooting, nonlinear programming, numerical methods, quadratiC programming}
}

@article{Azad2014,
    title = {{A new nonlinear model of contact normal force}},
    year = {2014},
    journal = {IEEE Transactions on Robotics},
    author = {Azad, Morteza and Featherstone, Roy},
    doi = {10.1109/TRO.2013.2293833},
    issn = {15523098},
    keywords = {Animation and simulation, compliant contact model, nonlinear damping, normal force}
}

@inproceedings{Kajita2002,
    title = {{A realtime pattern generator for biped walking}},
    year = {2002},
    booktitle = {Proceedings 2002 IEEE International Conference on Robotics and Automation (Cat. No.02CH37292)},
    author = {Kajita, S. and Kanehiro, F. and Kaneko, K. and Fujiwara, K. and Yokoi, K. and Hirukawa, H.},
    pages = {31--37},
    volume = {1},
    publisher = {IEEE},
    url = {http://ieeexplore.ieee.org/document/1013335/},
    isbn = {0-7803-7272-7},
    doi = {10.1109/ROBOT.2002.1013335},
    keywords = {legged locomotion;nonlinear control systems;pendul}
}

@article{Sciavicco1988,
    title = {{A Solution Algorithm to the Inverse Kinematic Problem for Redundant Manipulators}},
    year = {1988},
    journal = {IEEE Journal on Robotics and Automation},
    author = {Sciavicco, Lorenzo and Siciliano, Bruno},
    isbn = {0882-4967 VO - 4},
    doi = {10.1109/56.804},
    issn = {08824967},
    pmid = {17281570}
}

@book{Whittaker1988,
    title = {{A Treatise on the Analytical Dynamics of Particles and Rigid Bodies}},
    year = {1988},
    booktitle = {A Treatise on the Analytical Dynamics of Particles and Rigid Bodies},
    author = {Whittaker, E. T. and McCrae, Sir William},
    month = {12},
    publisher = {Cambridge University Press},
    url = {https://www.cambridge.org/core/product/identifier/9780511608797/type/book},
    isbn = {9780521358835},
    doi = {10.1017/CBO9780511608797}
}

@article{Sleiman2021,
    title = {{A Unified MPC Framework for Whole-Body Dynamic Locomotion and Manipulation}},
    year = {2021},
    journal = {IEEE Robotics and Automation Letters},
    author = {Sleiman, Jean Pierre and Farshidian, Farbod and Minniti, Maria Vittoria and Hutter, Marco},
    number = {3},
    month = {7},
    pages = {4688--4695},
    volume = {6},
    publisher = {Institute of Electrical and Electronics Engineers Inc.},
    doi = {10.1109/LRA.2021.3068908},
    keywords = {Legged robots, mobile manipulation, multi-contact whole-body motion planning and contr, optimization and optimal control}
}

@article{traversaro2017,
    title = {{A Unified View of the Equations of Motion used for Control Design of Humanoid Robots}},
    year = {2017},
    journal = {On line},
    author = {Traversaro, Silvio and Pucci, Daniele and Nori, Francesco},
    url = {https://traversaro.github.io/preprints/changebase.pdf}
}

@inproceedings{carpentier2016versatile,
    title = {{A versatile and efficient pattern generator for generalized legged locomotion}},
    year = {2016},
    booktitle = {Robotics and Automation (ICRA), 2016 IEEE International Conference on},
    author = {Carpentier, Justin and Tonneau, Steve and Naveau, Maximilien and Stasse, Olivier and Mansard, Nicolas},
    pages = {3555--3561},
    organization = {IEEE}
}

@inproceedings{Pattacini2010,
    title = {{An experimental evaluation of a novel minimum-jerk Cartesian controller for humanoid robots}},
    year = {2010},
    booktitle = {IEEE/RSJ 2010 International Conference on Intelligent Robots and Systems, IROS 2010 - Conference Proceedings},
    author = {Pattacini, Ugo and Nori, Francesco and Natale, Lorenzo and Metta, Giorgio and Sandini, Giulio},
    isbn = {9781424466757},
    doi = {10.1109/IROS.2010.5650851},
    issn = {2153-0858}
}

@inproceedings{Mason2018,
    title = {{An MPC Walking Framework with External Contact Forces}},
    year = {2018},
    booktitle = {2018 IEEE International Conference on Robotics and Automation (ICRA)},
    author = {Mason, Sean and Rotella, Nicholas and Schaal, Stefan and Righetti, Ludovic},
    month = {5},
    pages = {1785--1790},
    publisher = {IEEE},
    url = {https://ieeexplore.ieee.org/document/8461236/},
    isbn = {978-1-5386-3081-5},
    doi = {10.1109/ICRA.2018.8461236}
}

@misc{ApolloniusRhodius1912,
    title = {{Apollonius Rhodius: The Argonautica}},
    year = {1912},
    booktitle = {Loeb Classical Library},
    author = {{Apollonius Rhodius} and Seaton, Robert Cooper},
    isbn = {9780674990012}
}

@inproceedings{missura2014balanced,
    title = {{Balanced walking with capture steps}},
    year = {2014},
    booktitle = {Robot Soccer World Cup},
    author = {Missura, Marcell and Behnke, Sven},
    pages = {3--15},
    organization = {Springer}
}

@inproceedings{Herzog2014,
    title = {{Balancing experiments on a torque-controlled humanoid with hierarchical inverse dynamics}},
    year = {2014},
    booktitle = {Intelligent Robots and Systems (IROS 2014), 2014 IEEE/RSJ International Conference on},
    author = {Herzog, A and Righetti, L and Grimminger, F and Pastor, P and Schaal, S},
    pages = {981--988},
    doi = {10.1109/IROS.2014.6942678},
    keywords = {humanoid robots;real-time systems;robot dynamics;r}
}

@techreport{Flayols2020,
    title = {{Balancing Legged Robots on Visco-Elastic Contacts}},
    year = {2020},
    author = {Flayols, Thomas and Prete, Andrea and Khadiv, Majid and Mansard, Nicolas and Flayols, Thomas and Prete, Andrea and Khadiv, Majid and Mansard, Nicolas and Balancing, Ludovic Righetti and Flayols, Thomas and Prete, Andrea Del and Khadiv, Majid and Mansard, Nicolas and Righetti, Ludovic},
    url = {https://hal.archives-ouvertes.fr/hal-02310082},
    keywords = {IEEEtran, Index Terms-IEEE, L A T E X, journal, paper, tem-plate}
}

@article{Lee2016,
    title = {{Balancing of humanoid robot using contact force/moment control by task-oriented whole body control framework}},
    year = {2016},
    journal = {Autonomous Robots},
    author = {Lee, Yisoo and Hwang, Soonwook and Park, Jaeheung},
    number = {3},
    month = {3},
    pages = {457--472},
    volume = {40},
    url = {https://doi.org/10.1007/s10514-015-9509-1},
    doi = {10.1007/s10514-015-9509-1},
    issn = {1573-7527}
}

@inproceedings{Kajita2003,
    title = {{Biped walking pattern generation by using preview control of zero-moment point}},
    year = {2003},
    booktitle = {2003 IEEE International Conference on Robotics and Automation (Cat. No.03CH37422)},
    author = {Kajita, S. and Kanehiro, F. and Kaneko, K. and Fujiwara, K. and Harada, K. and Yokoi, K. and Hirukawa, H.},
    number = {October},
    pages = {1620--1626},
    volume = {2},
    publisher = {IEEE},
    url = {http://ieeexplore.ieee.org/document/1241826/},
    isbn = {0-7803-7736-2},
    doi = {10.1109/ROBOT.2003.1241826},
    issn = {1050-4729}
}

@inproceedings{Englsberger2011,
    title = {{Bipedal walking control based on capture point dynamics}},
    year = {2011},
    booktitle = {IEEE International Conference on Intelligent Robots and Systems},
    author = {Englsberger, Johannes and Ott, Christian and Roa, Maximo A. and Albu-Sch{\"{a}}ffer, Alin and Hirzinger, Gerhard},
    pages = {4420--4427},
    isbn = {9781612844541},
    doi = {10.1109/IROS.2011.6048045},
    issn = {2153-0858}
}

@article{koolen2012capturability,
    title = {{Capturability-based analysis and control of legged locomotion, Part 1: Theory and application to three simple gait models}},
    year = {2012},
    journal = {The International Journal of Robotics Research},
    author = {Koolen, Twan and de Boer, Tomas and Rebula, John and Goswami, Ambarish and Pratt, Jerry},
    number = {9},
    month = {8},
    pages = {1094--1113},
    volume = {31},
    publisher = {SAGE Publications},
    url = {http://journals.sagepub.com/doi/10.1177/0278364912452673},
    doi = {10.1177/0278364912452673},
    issn = {0278-3649}
}

@article{pratt2012capturability,
    title = {{Capturability-based analysis and control of legged locomotion, Part 2: Application to M2V2, a lower-body humanoid}},
    year = {2012},
    journal = {The International Journal of Robotics Research},
    author = {Pratt, Jerry and Koolen, Twan and de Boer, Tomas and Rebula, John and Cotton, Sebastien and Carff, John and Johnson, Matthew and Neuhaus, Peter},
    number = {10},
    month = {9},
    pages = {1117--1133},
    volume = {31},
    publisher = {SAGE Publications},
    url = {http://journals.sagepub.com/doi/10.1177/0278364912452762},
    doi = {10.1177/0278364912452762},
    issn = {0278-3649}
}

@inproceedings{Pratt2006,
    title = {{Capture Point: A Step toward Humanoid Push Recovery}},
    year = {2006},
    booktitle = {2006 6th IEEE-RAS International Conference on Humanoid Robots},
    author = {Pratt, Jerry and Carff, John and Drakunov, Sergey and Goswami, Ambarish},
    month = {12},
    pages = {200--207},
    publisher = {IEEE},
    url = {http://ieeexplore.ieee.org/document/4115602/},
    isbn = {1-4244-0199-2},
    doi = {10.1109/ICHR.2006.321385}
}

@inproceedings{bombile2017capture,
    title = {{Capture-Point Based Balance and Reactive Omnidirectional Walking Controller}},
    year = {2017},
    booktitle = {IEEE RAS International Conference on Humanoid Robots},
    author = {Bombile, Michael and Billard, Aude},
    number = {EPFL-CONF-231920}
}

@article{Orin2013,
    title = {{Centroidal dynamics of a humanoid robot}},
    year = {2013},
    journal = {Autonomous Robots},
    author = {Orin, DavidE. and Goswami, Ambarish and Lee, Sung-Hee},
    publisher = {Springer US},
    doi = {10.1007/s10514-013-9341-4},
    issn = {0929-5593},
    keywords = {Centroidal momentum matrix; Angular momentum; Robo}
}

@inproceedings{orin08,
    title = {{Centroidal Momentum Matrix of a humanoid robot: Structure and properties}},
    year = {2008},
    booktitle = {2008 IEEE/RSJ International Conference on Intelligent Robots and Systems},
    author = {Orin, D.E. and Goswami, A.},
    month = {9},
    pages = {653--659},
    publisher = {IEEE},
    url = {http://ieeexplore.ieee.org/document/4650772/},
    isbn = {978-1-4244-2057-5},
    doi = {10.1109/IROS.2008.4650772}
}

@phdthesis{JohannesAdalbertEnglsberger2016,
    title = {{Combining reduced dynamics models and whole-body control for agile humanoid locomotion}},
    year = {2016},
    author = {{Johannes Adalbert Englsberger}},
    url = {https://mediatum.ub.tum.de/doc/1311519/file.pdf}
}

@inproceedings{Hopkins2015b,
    title = {{Compliant locomotion using whole-body control and Divergent Component of Motion tracking}},
    year = {2015},
    booktitle = {2015 IEEE International Conference on Robotics and Automation (ICRA)},
    author = {Hopkins, Michael A. and Hong, Dennis W. and Leonessa, Alexander},
    month = {5},
    pages = {5726--5733},
    publisher = {IEEE},
    url = {http://ieeexplore.ieee.org/document/7140001/},
    isbn = {978-1-4799-6923-4},
    doi = {10.1109/ICRA.2015.7140001},
    issn = {10504729}
}

@book{Goodwin2005,
    title = {{Constrained control and estimation: and optimization approach}},
    year = {2005},
    author = {Goodwin, Graham C and Goodwin, Graham C and Seron, M and De Dona, Jose.},
    pages = {411},
    publisher = {Springer},
    url = {https://books.google.it/books?id=Rp2F_StqjAEC&pg=PA85&dq=Fixed+horizon+optimisation&hl=en&sa=X&ved=0ahUKEwiX6pfSlIjcAhXEVhQKHc1-AoUQ6AEIKTAA#v=onepage&q=Fixed horizon optimisation&f=false},
    isbn = {978-1-85233-548-9},
    keywords = {Control theory, Predictive control}
}

@article{Mayne2000Stability,
    title = {{Constrained model predictive control: Stability and optimality}},
    year = {2000},
    journal = {Automatica},
    author = {Mayne, D Q and Rawlings, J B and Rao, C V and Scokaert, P O M},
    number = {6},
    pages = {789--814},
    volume = {36},
    doi = {http://dx.doi.org/10.1016/S0005-1098(99)00214-9},
    issn = {0005-1098},
    keywords = {Model predictive control, Optimality, Robustness, Stability}
}

@article{Li2019,
    title = {{Contact Force/Torque Control Based on Viscoelastic Model for Stable Bipedal Walking on Indefinite Uneven Terrain}},
    year = {2019},
    journal = {IEEE Transactions on Automation Science and Engineering},
    author = {Li, Qingqing and Yu, Zhangguo and Chen, Xuechao and Zhou, Qinqin and Zhang, Weimin and Meng, Libo and Huang, Qiang},
    number = {4},
    month = {10},
    pages = {1627--1639},
    volume = {16},
    publisher = {Institute of Electrical and Electronics Engineers Inc.},
    doi = {10.1109/TASE.2019.2903564},
    issn = {15583783},
    keywords = {Active perception, contact force/torque, humanoid robot, stable walking}
}

@article{Vukobratovic1969,
    title = {{Contribution to the Synthesis of Biped Gait}},
    year = {1969},
    journal = {IEEE Transactions on Biomedical Engineering},
    author = {Vukobratovic, Miomir and Juricic, Davor},
    number = {1},
    pages = {1--6},
    volume = {BME-16},
    url = {http://ieeexplore.ieee.org/document/4502596/},
    isbn = {0018-9294},
    doi = {10.1109/TBME.1969.4502596},
    issn = {0018-9294},
    pmid = {5775601}
}

@article{Paikan2014,
    title = {{Data Flow Port Monitoring and Arbitration}},
    year = {2014},
    journal = {Journal of Software Engineering for Robotics},
    author = {Paikan, Ali and Fitzpatrick, Paul and Metta, Giorgio and Natale, Lorenzo},
    number = {1},
    pages = {80--88},
    volume = {5},
    issn = {2035-3928},
    keywords = {Component-based system design, Humanoid robots, Index Terms—Coordination, Monitoring}
}

@inproceedings{Englsberger2019,
    title = {{DCM-Based Gait Generation for Walking on Moving Support Surfaces}},
    year = {2018},
    booktitle = {2018 IEEE-RAS 18th International Conference on Humanoid Robots (Humanoids)},
    author = {Englsberger, Johannes and Mesesan, George and Ott, Christian and Albu-Schaffer, Alin},
    month = {11},
    pages = {1--8},
    publisher = {IEEE},
    url = {https://ieeexplore.ieee.org/document/8625006/},
    isbn = {978-1-5386-7283-9},
    doi = {10.1109/HUMANOIDS.2018.8625006},
    issn = {21640580}
}

@inproceedings{Koenig04,
    title = {{Design and use paradigms for gazebo, an open-source multi-robot simulator}},
    year = {2004},
    booktitle = {2004 IEEE/RSJ International Conference on Intelligent Robots and Systems (IROS) (IEEE Cat. No.04CH37566)},
    author = {Koenig, N. and Howard, A.},
    pages = {2149--2154},
    volume = {3},
    publisher = {IEEE},
    url = {http://ieeexplore.ieee.org/document/1389727/},
    isbn = {0-7803-8463-6},
    doi = {10.1109/IROS.2004.1389727}
}

@article{Koolen2016,
    title = {{Design of a Momentum-Based Control Framework and Application to the Humanoid Robot Atlas}},
    year = {2016},
    journal = {International Journal of Humanoid Robotics},
    author = {Koolen, Twan and Bertrand, Sylvain and Thomas, Gray and De Boer, Tomas and Wu, Tingfan and Smith, Jesper and Englsberger, Johannes and Pratt, Jerry},
    doi = {10.1142/S0219843616500079},
    issn = {02198436},
    keywords = {Atlas, Motion control, bipedal walking, capture point, humanoid robot, momentum, quadratic programming}
}

@article{Katayama1985,
    title = {{Design of an optimal controller for a discrete-time system subject to previewable demand}},
    year = {1985},
    journal = {International Journal of Control},
    author = {Katayama, Tohru and Kato, Tomoyuki and Ohki, Takahira and Inoue, Toshio},
    number = {3},
    pages = {677--699},
    volume = {41},
    isbn = {0020-7179},
    doi = {10.1080/0020718508961156},
    issn = {13665820}
}

@article{Semini2011,
    title = {{Design of HyQ -A hydraulically and electrically actuated quadruped robot}},
    year = {2011},
    journal = {Proceedings of the Institution of Mechanical Engineers. Part I: Journal of Systems and Control Engineering},
    author = {Semini, C and Tsagarakis, N G and Guglielmino, E and Focchi, M and Cannella, F and Caldwell, D G},
    isbn = {0959-6518},
    doi = {10.1177/0959651811402275},
    issn = {20413041},
    keywords = {Hydraulic actuation, Hydraulic quadruped, Legged machine, Quadruped robot design}
}

@inproceedings{Stephens2010,
    title = {{Dynamic Balance Force Control for compliant humanoid robots}},
    year = {2010},
    booktitle = {Intelligent Robots and Systems (IROS), 2010 IEEE/RSJ International Conference on},
    author = {Stephens, B J and Atkeson, C G},
    pages = {1248--1255},
    doi = {10.1109/IROS.2010.5648837},
    issn = {2153-0858},
    keywords = {compliant mechanisms;force control;humanoid robots}
}

@inproceedings{Mesesan2019,
    title = {{Dynamic Walking on Compliant and Uneven Terrain using DCM and Passivity-based Whole-body Control}},
    year = {2019},
    booktitle = {2019 IEEE-RAS 19th International Conference on Humanoid Robots (Humanoids)},
    author = {Mesesan, George and Englsberger, Johannes and Garofalo, Gianluca and Ott, Christian and Albu-Schaffer, Alin},
    month = {10},
    pages = {25--32},
    publisher = {IEEE},
    url = {https://ieeexplore.ieee.org/document/9035053/},
    isbn = {978-1-5386-7630-1},
    doi = {10.1109/Humanoids43949.2019.9035053},
    issn = {21640580}
}

@article{Saab2013,
    title = {{Dynamic Whole-Body Motion Generation Under Rigid Contacts and Other Unilateral Constraints}},
    year = {2013},
    journal = {IEEE Transactions on Robotics},
    author = {Saab, L and Ramos, O E and Keith, F and Mansard, N and Sou{\`{e}}res, P and Fourquet, J Y},
    number = {2},
    month = {4},
    pages = {346--362},
    volume = {29},
    doi = {10.1109/TRO.2012.2234351},
    issn = {1552-3098},
    keywords = {humanoid robots;motion control;robot dynamics;robo}
}

@article{Budhiraja2019,
    title = {{Dynamics consensus between centroidal and whole-body models for locomotion of legged robots}},
    year = {2019},
    journal = {Proceedings - IEEE International Conference on Robotics and Automation},
    author = {Budhiraja, Rohan and Carpentier, Justin and Mansard, Nicolas},
    month = {5},
    pages = {6727--6733},
    volume = {2019-May},
    publisher = {Institute of Electrical and Electronics Engineers Inc.},
    doi = {10.1109/ICRA.2019.8793878}
}

@incollection{diehl2009efficient,
    title = {{Efficient Numerical Methods for Nonlinear MPC and Moving Horizon Estimation}},
    year = {2009},
    booktitle = {Nonlinear model predictive control},
    author = {Diehl, Moritz and Ferreau, Hans Joachim and Haverbeke, Niels},
    pages = {391--417},
    publisher = {Springer},
    url = {http://link.springer.com/10.1007/978-3-642-01094-1_32},
    doi = {10.1007/978-3-642-01094-1{\_}32}
}

@article{KwonTaesoo2020,
    title = {{Fast and flexible multilegged locomotion using learned centroidal dynamics}},
    year = {2020},
    journal = {ACM Transactions on Graphics (TOG)},
    author = {{KwonTaesoo} and {LeeYoonsang} and PanneMichiel, Van De},
    number = {4},
    month = {7},
    volume = {39},
    publisher = {{\\\}		ACM{\\\}		PUB27{\\\}		New York, NY, USA{\\\}	},
    url = {https://dl.acm.org/doi/abs/10.1145/3386569.3392432},
    doi = {10.1145/3386569.3392432},
    keywords = {character animation, motion planning, rigid-body simulation}
}

@incollection{diehl2006fast,
    title = {{Fast direct multiple shooting algorithms for optimal robot control}},
    year = {2006},
    booktitle = {Fast motions in biomechanics and robotics},
    author = {Diehl, Moritz and Bock, Hans Georg and Diedam, Holger and Wieber, P-B},
    pages = {65--93},
    publisher = {Springer Berlin Heidelberg}
}

@article{Guo2021,
    title = {{Fast Online Planning for Bipedal Locomotion via Centroidal Model Predictive Gait Synthesis}},
    year = {2021},
    journal = {IEEE Robotics and Automation Letters},
    author = {Guo, Yijie and Zhang, Mingwei and Dong, Hao and Zhao, Mingguo},
    number = {4},
    month = {10},
    pages = {6450--6457},
    volume = {6},
    publisher = {Institute of Electrical and Electronics Engineers Inc.},
    doi = {10.1109/LRA.2021.3092268},
    keywords = {Humanoid and bipedal locomotion, legged robots, whole-body motion planning and control}
}

@article{Goswami1999,
    title = {{Foot rotation indicator (FRI) point: a new gait planning tool to evaluate postural stability of biped robots}},
    year = {1999},
    journal = {Proceedings 1999 IEEE International Conference on Robotics and Automation (Cat. No.99CH36288C)},
    author = {Goswami, A.},
    number = {May},
    pages = {47--52},
    volume = {1},
    isbn = {0-7803-5180-0},
    doi = {10.1109/ROBOT.1999.769929},
    issn = {1050-4729}
}

@inproceedings{deits2014footstep,
    title = {{Footstep planning on uneven terrain with mixed-integer convex optimization}},
    booktitle = {Humanoid Robots (Humanoids), 2014 14th IEEE-RAS International Conference on},
    author = {Deits, Robin and Tedrake, Russ}
}

@inproceedings{Deits2015,
    title = {{Footstep planning on uneven terrain with mixed-integer convex optimization}},
    year = {2015},
    booktitle = {IEEE-RAS International Conference on Humanoid Robots},
    author = {Deits, Robin and Tedrake, Russ},
    pages = {279--286},
    volume = {2015-Febru},
    isbn = {9781479971749},
    doi = {10.1109/HUMANOIDS.2014.7041373},
    issn = {21640580}
}

@article{Fumagalli2012,
    title = {{Force feedback exploiting tactile and proximal force/torque sensing}},
    year = {2012},
    journal = {Autonomous Robots},
    author = {Fumagalli, Matteo and Ivaldi, Serena and Randazzo, Marco and Natale, Lorenzo and Metta, Giorgio and Sandini, Giulio and Nori, Francesco},
    number = {4},
    pages = {381--398},
    volume = {33},
    doi = {10.1007/s10514-012-9291-2},
    issn = {1573-7527}
}

@book{Warner1971,
    title = {{Foundations of Differentiable Manifolds and Lie Groups}},
    year = {1971},
    author = {Warner, F W},
    series = {Graduate Texts in Mathematics},
    publisher = {Springer},
    isbn = {9780387908946}
}

@article{Mombaur2010,
    title = {{From human to humanoid locomotion-an inverse optimal control approach}},
    year = {2010},
    journal = {Autonomous Robots},
    author = {Mombaur, Katja and Truong, Anh and Laumond, Jean Paul},
    isbn = {0929-5593},
    doi = {10.1007/s10514-009-9170-7},
    issn = {09295593},
    keywords = {Humanoid robot, Inverse optimal control, Motion capture, Natural locomotion path, Optimal locomotion}
}

@book{FB-ADL:04,
    title = {{Geometric Control of Mechanical Systems}},
    year = {2004},
    author = {Bullo, Francesco and Lewis, Andrew D},
    series = {Texts in Applied Mathematics},
    volume = {49},
    publisher = {Springer Verlag},
    address = {New York-Heidelberg-Berlin},
    isbn = {0-387-22195-6}
}

@article{Popovic2005,
    title = {{Ground reference points in legged locomotion: Definitions, biological trajectories and control implications}},
    year = {2005},
    journal = {International Journal of Robotics Research},
    author = {Popovic, Marko B. and Goswami, Ambarish and Herr, Hugh},
    number = {12},
    pages = {1013--1032},
    volume = {24},
    isbn = {3866113145},
    doi = {10.1177/0278364905058363},
    issn = {02783649},
    keywords = {Biomechanics, Center of pressure, Centroidal moment pivot, Control, Foot rotation indicator, Human, Legged locomotion, Zero moment point}
}

@incollection{PascalHandbook,
    title = {{Handbook of Robotics}},
    year = {2008},
    author = {Morin, P and Samson, C},
    editor = {Siciliano, B and Khatib, O},
    chapter = {Motion con},
    pages = {799--826},
    publisher = {Springer}
}

@inproceedings{highlyDynamic,
    title = {{Highly dynamic balancing via force control}},
    year = {2016},
    booktitle = {2016 IEEE-RAS 16th International Conference on Humanoid Robots (Humanoids)},
    author = {Pucci, D and Romano, F and Traversaro, S and Nori, F},
    month = {11},
    pages = {141},
    doi = {10.1109/HUMANOIDS.2016.7803266},
    keywords = {Lyapunov methods;angular momentum;finite state mac}
}

@article{Catalano2020,
    title = {{HRP-4 walks on Soft Feet}},
    year = {2020},
    journal = {IEEE Robotics and Automation Letters},
    author = {Catalano, Manuel G. and Frizza, Irene and Morandi, Cecilia and Grioli, Giorgio and Ayusawa, Ko and Ito, Takahiro and Venture, Gentiane},
    month = {3},
    pages = {1--1},
    publisher = {Institute of Electrical and Electronics Engineers (IEEE)},
    doi = {10.1109/lra.2020.2979630}
}

@inproceedings{Hopkins2015,
    title = {{Humanoid locomotion on uneven terrain using the time-varying divergent component of motion}},
    year = {2014},
    booktitle = {2014 IEEE-RAS International Conference on Humanoid Robots},
    author = {Hopkins, Michael A. and Hong, Dennis W. and Leonessa, Alexander},
    month = {11},
    pages = {266--272},
    volume = {2015-Febru},
    publisher = {IEEE},
    url = {http://ieeexplore.ieee.org/document/7041371/},
    isbn = {978-1-4799-7174-9},
    doi = {10.1109/HUMANOIDS.2014.7041371},
    issn = {21640580},
    arxivId = {1204.3968}
}

@inproceedings{Kaneko2011,
    title = {{Humanoid robot HRP-4 - Humanoid robotics platform with lightweight and slim body}},
    year = {2011},
    booktitle = {IEEE International Conference on Intelligent Robots and Systems},
    author = {Kaneko, Kenji and Kanehiro, Fumio and Morisawa, Mitsuharu and Akachi, Kazuhiko and Miyamori, Go and Hayashi, Atsushi and Kanehira, Noriyuki},
    isbn = {9781612844541},
    doi = {10.1109/IROS.2011.6048074},
    issn = {2153-0858}
}

@article{Raibert1981,
    title = {{Hybrid Position/Force Control of Manipulators}},
    year = {1981},
    journal = {Journal of Dynamic Systems, Measurement, and Control},
    author = {Raibert, M. H. and Craig, J. J.},
    number = {2},
    month = {6},
    pages = {126--133},
    volume = {103},
    url = {https://asmedigitalcollection.asme.org/dynamicsystems/article/103/2/126/400298/Hybrid-PositionForce-Control-of-Manipulators},
    isbn = {0-7803-0067-X},
    doi = {10.1115/1.3139652},
    issn = {0022-0434},
    pmid = {15709653},
    keywords = {Feedback, Force control, Manipulators, Sensors, Simulation, Torque, Trajectories (Physics)}
}

@article{Nori2015,
    title = {{iCub Whole-Body Control through Force Regulation on Rigid Non-Coplanar Contacts}},
    year = {2015},
    journal = {Frontiers in Robotics and AI},
    author = {Nori, Francesco and Traversaro, Silvio and Eljaik, Jorhabib and Romano, Francesco and Del Prete, Andrea and Pucci, Daniele},
    volume = {2},
    url = {http://www.frontiersin.org/Humanoid_Robotics/10.3389/frobt.2015.00006/abstract},
    doi = {10.3389/frobt.2015.00006},
    issn = {2296-9144}
}

@article{Tsagarakis2007,
    title = {{ICub: The design and realization of an open humanoid platform for cognitive and neuroscience research}},
    year = {2007},
    journal = {Advanced Robotics},
    author = {Tsagarakis, N. G. and Metta, G. and Sandini, G. and Vernon, D. and Beira, R. and Becchi, F. and Righetti, L. and Santos-Victor, J. and Ijspeert, A. J. and Carrozza, M. C. and Caldwell, D. G.},
    isbn = {0169-1864},
    doi = {10.1163/156855307781389419},
    issn = {01691864},
    keywords = {Cognition, Force sensing, Humanoid, Mechanical design}
}

@article{Natale2017,
    title = {{iCub: The not-yet-finished story of building a robot child}},
    year = {2017},
    journal = {Science Robotics},
    author = {Natale, Lorenzo and Bartolozzi, Chiara and Pucci, Daniele and Wykowska, Agnieszka and Metta, Giorgio},
    number = {13},
    month = {12},
    pages = {eaaq1026},
    volume = {2},
    publisher = {Science Robotics},
    url = {https://www.science.org/doi/10.1126/scirobotics.aaq1026},
    doi = {10.1126/scirobotics.aaq1026},
    issn = {2470-9476}
}

@book{Marsden2010,
    title = {{Introduction to Mechanics and Symmetry: A Basic Exposition of Classical Mechanical Systems}},
    year = {2010},
    author = {Marsden, Jerrold E and Ratiu, Tudor S},
    publisher = {Springer Publishing Company, Incorporated},
    isbn = {1441931430, 9781441931436}
}

@article{Marsden1996,
    title = {{Introduction to mechanics and symmetry: A basic exposition of classical mechanical systems}},
    year = {1996},
    journal = {Bulletin of the American Mathematical Society},
    author = {Marsden, Jerrold E.},
    isbn = {9780387986432},
    doi = {10.1090/S0273-0979-96-00671-4},
    issn = {0273-0979},
    pmid = {1965128}
}

@article{DanielHerreraC2012,
    title = {{Joint depth and color camera calibration with distortion correction.}},
    year = {2012},
    journal = {IEEE transactions on pattern analysis and machine intelligence},
    author = {{Daniel Herrera C} and {Juho Kannala} and {Janne Heikkil{\"{a}}}},
    number = {10},
    month = {10},
    pages = {2058--64},
    volume = {34},
    url = {http://ieeexplore.ieee.org/document/5762640/ http://www.ncbi.nlm.nih.gov/pubmed/22641701},
    isbn = {1552-3098},
    doi = {10.1109/TPAMI.2012.125},
    issn = {1939-3539},
    pmid = {22641701},
    keywords = {Inverse kinematics (IK), redundant robots, stability proof}
}

@book{Hall2015,
    title = {{Lie Groups, Lie Algebras, and Representations}},
    year = {2015},
    booktitle = {Springer},
    author = {Hall, Brian C},
    isbn = {9783319134666},
    doi = {10.1007/978-3-319-13467-3},
    issn = {00725285},
    arxivId = {math-ph/0005032}
}

@book{Bachem1992,
    title = {{Linear Programming Duality : an Introduction to Oriented Matroids}},
    year = {1992},
    author = {Bachem, Achim. and Kern, Walter.},
    pages = {216},
    publisher = {Springer Berlin Heidelberg},
    isbn = {3642581528}
}

@article{Gilardi2002,
    title = {{Literature survey of contact dynamics modelling}},
    year = {2002},
    journal = {Mechanism and Machine Theory},
    author = {Gilardi, G. and Sharf, I.},
    doi = {10.1016/S0094-114X(02)00045-9},
    issn = {0094114X}
}

@article{Huynh2009,
    title = {{Metrics for 3D rotations: Comparison and analysis}},
    year = {2009},
    journal = {Journal of Mathematical Imaging and Vision},
    author = {Huynh, Du Q.},
    isbn = {1085100901},
    doi = {10.1007/s10851-009-0161-2},
    issn = {09249907},
    keywords = {3D rotations, Distance functions, Lie algebra, Matrix Lie group, Quaternions}
}

@inproceedings{Azad2016,
    title = {{Model estimation and control of compliant contact normal force}},
    year = {2016},
    booktitle = {IEEE-RAS International Conference on Humanoid Robots},
    author = {Azad, Morteza and Ortenzi, Valerio and Lin, Hsiu Chin and Rueckert, Elmar and Mistry, Michael},
    isbn = {9781509047185},
    doi = {10.1109/HUMANOIDS.2016.7803313},
    issn = {21640580}
}

@inproceedings{Griffin2016,
    title = {{Model predictive control for dynamic footstep adjustment using the divergent component of motion}},
    year = {2016},
    booktitle = {Proceedings - IEEE International Conference on Robotics and Automation},
    author = {Griffin, Robert J. and Leonessa, Alexander},
    isbn = {9781467380263},
    doi = {10.1109/ICRA.2016.7487320},
    issn = {10504729}
}

@article{Poulakakis2005,
    title = {{Modeling and experiments of untethered quadrupedal running with a bounding gait: The scout II robot}},
    year = {2005},
    journal = {International Journal of Robotics Research},
    author = {Poulakakis, Ioannis and Smith, James Andrew and Buehler, Martin},
    isbn = {0278-3649},
    doi = {10.1177/0278364904050917},
    issn = {02783649},
    keywords = {Bounding gait, Dynamic running, Dynamic stability, Legged locomotion, Modeling, Quadrupedal robot}
}

@article{Herzog2016,
    title = {{Momentum control with hierarchical inverse dynamics on a torque-controlled humanoid}},
    year = {2016},
    journal = {Autonomous Robots},
    author = {Herzog, Alexander and Rotella, Nicholas and Mason, Sean and Grimminger, Felix and Schaal, Stefan and Righetti, Ludovic},
    doi = {10.1007/s10514-015-9476-6},
    issn = {15737527},
    arxivId = {1410.7284},
    keywords = {Force control, Hierarchical control, Humanoid, Inverse dynamics, Multi-contact interaction, Whole-body control}
}

@article{Villarreal2020,
    title = {{MPC-based Controller with Terrain Insight for Dynamic Legged Locomotion}},
    year = {2020},
    journal = {Proceedings - IEEE International Conference on Robotics and Automation},
    author = {Villarreal, Octavio and Barasuol, Victor and Wensing, Patrick M. and Caldwell, Darwin G. and Semini, Claudio},
    month = {5},
    pages = {2436--2442},
    publisher = {Institute of Electrical and Electronics Engineers Inc.},
    doi = {10.1109/ICRA40945.2020.9197312}
}

@misc{Khalil1996,
    title = {{Noninear Systems}},
    year = {1996},
    booktitle = {Prentice-Hall, New Jersey},
    author = {Khalil, Hassan K},
    isbn = {0-13-067389-7},
    doi = {10.1016/j.physa.2006.08.011},
    issn = {03784371},
    pmid = {1617627}
}

@phdthesis{bullo1999nonlinear,
    title = {{Nonlinear control of mechanical systems: a Riemannian geometry approach}},
    author = {Bullo, Francesco}
}

@phdthesis{Olfati-Saber:2001:NCU:935467,
    title = {{Nonlinear Control of Underactuated Mechanical Systems with Application to Robotics and Aerospace Vehicles}},
    year = {2001},
    author = {Olfati-Saber, Reza},
    publisher = {Massachusetts Institute of Technology},
    address = {Cambridge, MA, USA}
}

@inproceedings{Pucci2013,
    title = {{Nonlinear control of unicycle-like robots for person following}},
    year = {2013},
    booktitle = {IEEE International Conference on Intelligent Robots and Systems},
    author = {Pucci, Daniele and Marchetti, Luca and Morin, Pascal},
    isbn = {9781467363587},
    doi = {10.1109/IROS.2013.6696841},
    issn = {21530858}
}

@book{Isidori1995,
    title = {{Nonlinear Control Systems}},
    year = {1995},
    author = {Isidori, Alberto},
    series = {Communications and Control Engineering},
    publisher = {Springer London},
    url = {http://link.springer.com/10.1007/978-1-84628-615-5},
    address = {London},
    isbn = {978-1-4471-3909-6},
    doi = {10.1007/978-1-84628-615-5}
}

@article{bemporad2002hybrid,
    title = {{On hybrid systems and closed-loop MPC systems}},
    year = {2002},
    journal = {IEEE Transactions on Automatic Control},
    author = {Bemporad, A. and Heemels, W.P.M.H. and De Schutter, B.},
    number = {5},
    month = {5},
    pages = {863--869},
    volume = {47},
    publisher = {IEEE},
    url = {http://ieeexplore.ieee.org/document/1000287/},
    doi = {10.1109/TAC.2002.1000287},
    issn = {0018-9286}
}

@article{IPOpt2006,
    title = {{On the implementation of an interior-point filter line-search algorithm for large-scale nonlinear programming}},
    year = {2006},
    journal = {Mathematical Programming},
    author = {W{\"{a}}chter, Andreas and Biegler, Lorenz T.},
    number = {1},
    month = {3},
    pages = {25--57},
    volume = {106},
    url = {http://link.springer.com/10.1007/s10107-004-0559-y},
    doi = {10.1007/s10107-004-0559-y},
    issn = {0025-5610}
}

@inproceedings{Mason1988a,
    title = {{On the inconsistency of rigid-body frictional planar mechanics}},
    year = {1988},
    booktitle = {Proceedings. 1988 IEEE International Conference on Robotics and Automation},
    author = {Mason, Matthew T. and Wang, Yu},
    pages = {524--528},
    publisher = {IEEE Comput. Soc. Press},
    url = {http://ieeexplore.ieee.org/document/12105/},
    isbn = {0818608528},
    doi = {10.1109/ROBOT.1988.12105}
}

@article{Choi2007,
    title = {{On the Walking Control for Humanoid Robot Based on Kinematic Resolution of CoM Jacobian With Embedd ed Motion}},
    year = {2007},
    journal = {Proceedings of the 2006 IEEE International Conference on Robotics and Automation},
    author = {Choi, Youngjin and Kim, Doik and Oh, Yonghwan and You, Bum-jae Jae},
    number = {6},
    pages = {1285--1293},
    volume = {23},
    isbn = {0780395050},
    doi = {10.1109/ROBOT.2006.1642102},
    issn = {15523098},
    keywords = {Center of mass, Center of mass (CoM), CoM Jacobian, Disturbance input-to-state stability (ISS), Humanoid robots, Jacobian matrices, Legged locomotion, Posture control, Posture/walking control, Whole body coordination (WBC), Zero moment point (ZMP)}
}

@inproceedings{Ponton2018,
    title = {{On Time Optimization of Centroidal Momentum Dynamics}},
    year = {2018},
    booktitle = {2018 IEEE International Conference on Robotics and Automation (ICRA)},
    author = {Ponton, Brahayam and Herzog, Alexander and Del Prete, Andrea and Schaal, Stefan and Righetti, Ludovic},
    month = {5},
    pages = {5776--5782},
    publisher = {IEEE},
    url = {https://ieeexplore.ieee.org/document/8460537/},
    isbn = {978-1-5386-3081-5},
    doi = {10.1109/ICRA.2018.8460537},
    issn = {10504729},
    arxivId = {1709.09265}
}

@inproceedings{diedam2008online,
    title = {{Online walking gait generation with adaptive foot positioning through Linear Model Predictive control}},
    year = {2008},
    booktitle = {2008 IEEE/RSJ International Conference on Intelligent Robots and Systems},
    author = {Diedam, H. and Dimitrov, D. and Wieber, P.-B. and Mombaur, K. and Diehl, M.},
    month = {9},
    pages = {1121--1126},
    publisher = {IEEE},
    url = {http://ieeexplore.ieee.org/document/4651055/},
    organization = {IEEE},
    isbn = {978-1-4244-2057-5},
    doi = {10.1109/IROS.2008.4651055}
}

@book{kirk2012optimal,
    title = {{Optimal control theory: an introduction}},
    year = {1970},
    author = {Kirk, Donald E},
    publisher = {Courier Corporation},
    isbn = {0486434842}
}

@inproceedings{Feng2015a,
    title = {{Optimization based controller design and implementation for the Atlas robot in the DARPA Robotics Challenge Finals}},
    year = {2015},
    booktitle = {IEEE-RAS International Conference on Humanoid Robots},
    author = {Feng, Siyuan and Xinjilefu, X. and Atkeson, Christopher G. and Kim, Joohyung},
    isbn = {9781479968855},
    doi = {10.1109/HUMANOIDS.2015.7363480},
    issn = {21640580},
    keywords = {Dynamics, Foot, Force, Kinematics, Legged locomotion, Robot sensing systems}
}

@article{feng2015optimization,
    title = {{Optimization-based Full Body Control for the DARPA Robotics Challenge}},
    year = {2015},
    journal = {Journal of Field Robotics},
    author = {Feng, Siyuan and Whitman, Eric and Xinjilefu, X and Atkeson, Christopher G},
    number = {2},
    pages = {293--312},
    volume = {32},
    publisher = {Wiley Online Library}
}

@article{Kuindersma2016,
    title = {{Optimization-based locomotion planning, estimation, and control design for the atlas humanoid robot}},
    year = {2016},
    journal = {Autonomous Robots},
    author = {Kuindersma, Scott and Deits, Robin and Fallon, Maurice and Valenzuela, Andrés and Dai, Hongkai and Permenter, Frank and Koolen, Twan and Marion, Pat and Tedrake, Russ},
    number = {3},
    month = {3},
    pages = {429--455},
    volume = {40},
    url = {http://link.springer.com/10.1007/s10514-015-9479-3},
    isbn = {1573-7527},
    doi = {10.1007/s10514-015-9479-3},
    issn = {0929-5593},
    keywords = {Humanoid, Legged locomotion, Optimization, State estimation}
}

@article{Stellato2018,
    title = {{OSQP: An Operator Splitting Solver for Quadratic Programs}},
    year = {2018},
    journal = {2018 UKACC 12th International Conference on Control, CONTROL 2018},
    author = {Stellato, Bartolomeo and Banjac, Goran and Goulart, Paul and Bemporad, Alberto and Boyd, Stephen},
    month = {10},
    pages = {339},
    publisher = {Institute of Electrical and Electronics Engineers Inc.},
    doi = {10.1109/CONTROL.2018.8516834}
}

@article{Henze2016,
    title = {{Passivity-based whole-body balancing for torque-controlled humanoid robots in multi-contact scenarios}},
    year = {2016},
    journal = {International Journal of Robotics Research},
    author = {Henze, Bernd and Roa, Máximo A. and Ott, Christian},
    doi = {10.1177/0278364916653815},
    issn = {17413176},
    keywords = {Multi-contact balancing, humanoid robot, torque control, whole-body control}
}

@article{Merker2015a,
    title = {{Pathophysiology of juvenile idiopathic arthritis induced pes planovalgus in static and walking condition: a functional view using 3D gait analysis.}},
    year = {2015},
    journal = {Pediatric rheumatology online journal},
    author = {Merker, Josephine and Hartmann, Matthias and Kreuzpointner, Florian and Schwirtz, Ansgar and Haas, Johannes-Peter},
    number = {1},
    pages = {21},
    volume = {13},
    url = {http://www.ped-rheum.com/content/13/1/21},
    isbn = {1546-0096},
    doi = {10.1186/s12969-015-0022-z},
    issn = {1546-0096},
    pmid = {26058561},
    keywords = {Adolescent, Ankle Joint, Ankle Joint: physiopathology, Arthritis, Juvenile, Arthritis, Juvenile: complications, Arthritis, Juvenile: physiopathology, Biomechanical Phenomena, Biomechanical Phenomena: physiology, Case-Control Studies, Child, Female, Foot, Foot Deformities, Acquired, Foot Deformities, Acquired: etiology, Foot Deformities, Acquired: physiopathology, Foot: physiopathology, Gait, Gait: physiology, Humans, Imaging, Three-Dimensional, Male, Motion, Muscle, Skeletal, Muscle, Skeletal: physiopathology, Tibia, Tibia: physiopathology, Walking, Walking: physiology, Weight-Bearing, Weight-Bearing: physiology}
}

@article{Dai2016,
    title = {{Planning robust walking motion on uneven terrain via convex optimization}},
    year = {2016},
    journal = {IEEE-RAS International Conference on Humanoid Robots},
    author = {Dai, Hongkai and Tedrake, Russ},
    month = {12},
    pages = {579--586},
    publisher = {IEEE Computer Society},
    doi = {10.1109/HUMANOIDS.2016.7803333}
}

@inproceedings{Ott2011,
    title = {{Posture and balance control for biped robots based on contact force optimization}},
    year = {2011},
    booktitle = {Humanoid Robots (Humanoids), 2011 11th IEEE-RAS International Conference on},
    author = {Ott, C and Roa, M A and Hirzinger, G},
    pages = {26--33},
    doi = {10.1109/Humanoids.2011.6100882},
    issn = {2164-0572},
    keywords = {legged locomotion;optimisation;position control;ba}
}

@book{BettsPractical2010,
    title = {{Practical Methods for Optimal Control and Estimation Using Nonlinear Programming}},
    year = {2010},
    booktitle = {Practical Methods for Optimal Control and Estimation Using Nonlinear Programming},
    author = {Betts, John T.},
    month = {1},
    publisher = {Society for Industrial and Applied Mathematics},
    url = {https://epubs.siam.org/page/terms},
    doi = {10.1137/1.9780898718577},
    keywords = {Adaptive Control Tutorial Bhaya, Amit and Kaszkurewicz, Analysis, Andrey, Applied Stochastic Processes and Control for Jump-, Baris, Boundary Control of PDEs: A Course on Backstepping, Chen, Control Perspectives on Numerical Algorithms and M, Derek P, Dingy{\"{u}}, Estimation, Eugenius, Floyd B, Jason L and Chung, Karl, Kazufumi and Kunisch, Lagrange Multiplier Approach to Variational Proble, Linear Feedback Control: Analysis and Design with, Miroslav and Smyshlyaev, Petros and Fidan, Practical Methods for Optimal Control and Estimati, Second Edition Shima, Silviu-Iulian, Stability and Stabilization of Time-Delay Systems:, Steven, Stochastic Processes, Tal and Rasmussen, UAV Cooperative Decision and Control: Challenges a, Walter H, Wim and Niculescu, YangQuan, and Atherton, and Computation Michiels, and Control Krstic, eds}
}

@inproceedings{Truong2010,
    title = {{Reactive synthesizing of human locomotion combining nonholonomic and holonomic behaviors}},
    year = {2010},
    booktitle = {2010 3rd IEEE RAS and EMBS International Conference on Biomedical Robotics and Biomechatronics, BioRob 2010},
    author = {Truong, Tan Viet Anh and Flavigne, David and Pettr{\'{e}}, Julien and Mombaur, Katja and Laumond, Jean Paul},
    isbn = {9781424477081},
    doi = {10.1109/BIOROB.2010.5626817},
    issn = {2155-1774}
}

@inproceedings{flavigne2010reactive,
    title = {{Reactive synthesizing of human locomotion combining nonholonomic and holonomic behaviors}},
    year = {2010},
    booktitle = {Biomedical Robotics and Biomechatronics (BioRob), 2010 3rd IEEE RAS and EMBS International Conference on},
    author = {Flavigne, David and Pettr{\'{e}}e, Julien and Mombaur, Katja and Laumond, Jean-Paul Paul and {others} and Truong, Tan Viet Anh and Flavigne, David and Pettr{\'{e}}, Julien and Mombaur, Katja and Laumond, Jean-Paul Paul},
    pages = {632--637},
    organization = {IEEE},
    isbn = {9781424477081},
    doi = {10.1109/BIOROB.2010.5626817},
    issn = {2155-1774}
}

@inproceedings{cognetti2016real,
    title = {{Real-time planning and execution of evasive motions for a humanoid robot}},
    year = {2016},
    booktitle = {Robotics and Automation (ICRA), 2016 IEEE International Conference on},
    author = {Cognetti, Marco and De Simone, Daniele and Lanari, Leonardo and Oriolo, Giuseppe},
    pages = {4200--4206},
    organization = {IEEE}
}

@inproceedings{cognetti2017real,
    title = {{Real-time pursuit-evasion with humanoid robots}},
    year = {2017},
    booktitle = {Robotics and Automation (ICRA), 2017 IEEE International Conference on},
    author = {Cognetti, Marco and De Simone, Daniele and Patota, Federico and Scianca, Nicola and Lanari, Leonardo and Oriolo, Giuseppe},
    pages = {4090--4095},
    organization = {IEEE}
}

@article{Mayne90MPC,
    title = {{Receding horizon control of nonlinear systems}},
    year = {1990},
    journal = {IEEE Transactions on Automatic Control},
    author = {Mayne, D Q and Michalska, H},
    number = {7},
    pages = {814--824},
    volume = {35},
    doi = {10.1109/9.57020},
    issn = {0018-9286},
    keywords = {closed loop systems;control system analysis;nonlin}
}

@inproceedings{michalska1989receding,
    title = {{Receding horizon control of nonlinear systems}},
    year = {1989},
    booktitle = {Decision and Control, 1989., Proceedings of the 28th IEEE Conference on},
    author = {Michalska, Hanna and Mayne, David Q},
    pages = {107--108},
    organization = {IEEE}
}

@book{Featherstone2014,
    title = {{Rigid Body Dynamics Algorithms}},
    year = {2014},
    booktitle = {Rigid Body Dynamics Algorithms},
    author = {Featherstone, Roy},
    publisher = {Springer, Boston, MA},
    isbn = {978-0-387-74314-1},
    doi = {10.1007/978-1-4899-7560-7},
    issn = {1881-6096},
    pmid = {21987560},
    arxivId = {arXiv:1011.1669v3}
}

@inproceedings{Shafiee-Ashtiani2017a,
    title = {{Robust bipedal locomotion control based on model predictive control and divergent component of motion}},
    year = {2017},
    booktitle = {2017 IEEE International Conference on Robotics and Automation (ICRA)},
    author = {Shafiee-Ashtiani, Milad and Yousefi-Koma, Aghil and Shariat-Panahi, Masoud},
    month = {5},
    pages = {3505--3510},
    publisher = {IEEE},
    url = {http://ieeexplore.ieee.org/document/7989401/},
    isbn = {978-1-5090-4633-1},
    doi = {10.1109/ICRA.2017.7989401},
    issn = {10504729},
    pmid = {3179697},
    arxivId = {1702.08742}
}

@article{Borst2009,
    title = {{Rollin' Justin - Mobile platform with variable base}},
    year = {2009},
    journal = {Proceedings - IEEE International Conference on Robotics and Automation},
    author = {Borst, Christoph and Wimb{\"{o}}ck, Thomas and Schmidt, Florian and Fuchs, Matthias and Brunner, Bernhard and Zacharias, Franziska and Giordano, Paolo Robuffo and Konietschke, Rainer and Sepp, Wolfgang and Fuchs, Stefan and Rink, Christian and Albu-Sch{\"{a}}ffer, Alin and Hirzinger, Gerd},
    isbn = {9781424427895},
    doi = {10.1109/ROBOT.2009.5152586},
    issn = {10504729}
}

@article{Decker2017,
    title = {{Service Robotics and Human Labor: A first technology assessment of substitution and cooperation}},
    year = {2017},
    journal = {Robotics and Autonomous Systems},
    author = {Decker, Michael and Fischer, Martin and Ott, Ingrid},
    doi = {10.1016/j.robot.2016.09.017},
    issn = {09218890},
    keywords = {Aggregate production function, Labor complementarity, Labor substitution, Service robots, Technology assessment}
}

@article{handford2014sideways,
    title = {{Sideways walking: preferred is slow, slow is optimal, and optimal is expensive}},
    year = {2014},
    journal = {Biology letters},
    author = {Handford, Matthew L and Srinivasan, Manoj},
    number = {1},
    pages = {20131006},
    volume = {10},
    publisher = {The Royal Society}
}

@article{Aceituno-Cabezas2018,
    title = {{Simultaneous Contact, Gait and Motion Planning for Robust Multi-Legged Locomotion via Mixed-Integer Convex Optimization}},
    year = {2017},
    journal = {IEEE Robotics and Automation Letters},
    author = {Aceituno-Cabezas, Bernardo and Mastalli, Carlos and Dai, Hongkai and Focchi, Michele and Radulescu, Andreea and Caldwell, Darwin G. and Cappelletto, Jose and Grieco, Juan Carlos and Fernandez-Lopez, Gerardo and Semini, Claudio},
    number = {3},
    month = {7},
    pages = {1--1},
    volume = {3},
    publisher = {Institute of Electrical and Electronics Engineers Inc.},
    url = {http://ieeexplore.ieee.org/document/8141917/},
    doi = {10.1109/LRA.2017.2779821},
    issn = {2377-3766},
    keywords = {Legged robots, motion and path planning, optimization and optimal control}
}

@article{Sontag1989,
    title = {{Smooth Stabilization Implies Coprime Factorization}},
    year = {1989},
    journal = {IEEE Transactions on Automatic Control},
    author = {Sontag, Eduardo D.},
    isbn = {0018-9286},
    doi = {10.1109/9.28018},
    issn = {15582523}
}

@inproceedings{Kim2017,
    title = {{Snapbot: A reconfigurable legged robot}},
    year = {2017},
    booktitle = {IEEE International Conference on Intelligent Robots and Systems},
    author = {Kim, Joohyung and Alspach, Alexander and Yamane, Katsu},
    isbn = {9781538626825},
    doi = {10.1109/IROS.2017.8206477},
    issn = {21530866}
}

@article{nava16,
    title = {{Stability Analysis and Design of Momentum-based Controllers for Humanoid Robots}},
    year = {2016},
    journal = {Intelligent Robots and Systems (IROS) 2016. IEEE International Conference on},
    author = {Nava, Gabriele and Romano, Francesco and Nori, Francesco and Pucci, Daniele}
}

@incollection{de2000stability,
    title = {{Stability and robustness of nonlinear receding horizon control}},
    year = {2000},
    booktitle = {Nonlinear model predictive control},
    author = {De Nicolao, G and Magni, L and Scattolini, R},
    pages = {3--22},
    publisher = {Springer}
}

@inproceedings{Krause2012,
    title = {{Stabilization of the Capture Point dynamics for bipedal walking based on model predictive control}},
    year = {2012},
    booktitle = {IFAC Proceedings Volumes (IFAC-PapersOnline)},
    author = {Krause, Manuel and Englsberger, Johannes and Wieber, Pierre Brice and Ott, Christian},
    pages = {165--171},
    isbn = {9783902823113},
    doi = {10.3182/20120905-3-HR-2030.00165},
    issn = {14746670},
    keywords = {Application, Bipedal walking, Capture Point dynamics, Model predictive control}
}

@book{Ljung1999,
    title = {{System Identiﬁcation: Theory for the User}},
    year = {1999},
    booktitle = {Preniice Hall Inf and System Sciencess Series, New {\ldots}},
    author = {Ljung, Lennart},
    isbn = {0-13-656695-2}
}

@article{Hof2008,
    title = {{The 'extrapolated center of mass' concept suggests a simple control of balance in walking}},
    year = {2008},
    journal = {Human Movement Science},
    author = {Hof, At L},
    isbn = {0167-9457},
    doi = {10.1016/j.humov.2007.08.003},
    issn = {01679457},
    pmid = {17935808},
    keywords = {Control, Gait, Locomotion, Robotics, Stability}
}

@inproceedings{Kajita2001,
    title = {{The 3D linear inverted pendulum mode: a simple modeling for a biped walking pattern generation}},
    year = {2001},
    booktitle = {Proceedings 2001 IEEE/RSJ International Conference on Intelligent Robots and Systems. Expanding the Societal Role of Robotics in the the Next Millennium (Cat. No.01CH37180)},
    author = {Kajita, S. and Kanehiro, F. and Kaneko, K. and Yokoi, K. and Hirukawa, H.},
    number = {October 2016},
    pages = {239--246},
    volume = {1},
    publisher = {IEEE},
    url = {http://ieeexplore.ieee.org/document/973365/},
    isbn = {0-7803-6612-3},
    doi = {10.1109/IROS.2001.973365}
}

@article{Romano2018,
    title = {{The CoDyCo Project Achievements and Beyond: Toward Human Aware Whole-Body Controllers for Physical Human Robot Interaction}},
    year = {2018},
    journal = {IEEE Robotics and Automation Letters},
    author = {Romano, Francesco and Nava, Gabriele and Azad, Morteza and Camernik, Jernej and Dafarra, Stefano and Dermy, Oriane and Latella, Claudia and Lazzaroni, Maria and Lober, Ryan and Lorenzini, Marta and Pucci, Daniele and Sigaud, Olivier and Traversaro, Silvio and Babic, Jan and Ivaldi, Serena and Mistry, Michael and Padois, Vincent and Nori, Francesco},
    number = {1},
    month = {1},
    pages = {516--523},
    volume = {3},
    url = {http://ieeexplore.ieee.org/document/8093992/},
    doi = {10.1109/LRA.2017.2768126},
    issn = {2377-3766}
}

@inproceedings{Parmiggiani2017,
    title = {{The design and validation of the R1 personal humanoid}},
    year = {2017},
    booktitle = {IEEE International Conference on Intelligent Robots and Systems},
    author = {Parmiggiani, Alberto and Fiorio, Luca and Scalzo, Alessandro and Sureshbabu, Anand Vazhapilli and Randazzo, Marco and Maggiali, Marco and Pattacini, Ugo and Lehmann, Hagen and Tikhanoff, Vadim and Domenichelli, Daniele and Cardellino, Alberto and Congiu, Pierpaolo and Pagnin, Andrea and Cingolani, Roberto and Natale, Lorenzo and Metta, Giorgio},
    isbn = {9781538626825},
    doi = {10.1109/IROS.2017.8202224},
    issn = {21530866}
}

@article{Parmiggiani2012,
    title = {{The Design of the iCub Humanoid Robot}},
    year = {2012},
    journal = {International Journal of Humanoid Robotics},
    author = {Parmiggiani, Alberto and Maggiali, Marco and Natale, Lorenzo and Nori, Francesco and Schmitz, Alexander and Tsagarakis, Nikos and Santos-Victor, José and Becchi, Francesco and Sandini, Giulio and Metta, Giorgio},
    volume = {9}
}

@article{Bemporad2002,
    title = {{The explicit linear quadratic regulator for constrained systems}},
    year = {2002},
    journal = {Automatica},
    author = {Bemporad, Alberto and Morari, Manfred and Dua, Vivek and Pistikopoulos, Efstratios N.},
    isbn = {0005-1098},
    doi = {10.1016/S0005-1098(01)00174-1},
    issn = {00051098},
    keywords = {Constraints, Linear quadratic regulators, Piecewise linear controllers, Predictive control}
}

@article{Metta2010,
    title = {{The iCub humanoid robot: An open-systems platform for research in cognitive development}},
    year = {2010},
    journal = {Neural Networks},
    author = {Metta, Giorgio and Natale, Lorenzo and Nori, Francesco and Sandini, Giulio and Vernon, David and Fadiga, Luciano and von Hofsten, Claes and Rosander, Kerstin and Lopes, Manuel and Santos-Victor, José and Bernardino, Alexandre and Montesano, Luis},
    isbn = {0107178141},
    doi = {10.1016/j.neunet.2010.08.010},
    issn = {08936080},
    pmid = {20864311},
    keywords = {Cognition, Development, Learning, Ontogeny, Open-source humanoid robot, Phylogeny}
}

@article{metta2005robotcub,
    title = {{The {\{}R{\}}obot{\{}C{\}}ub project-an open framework for research in embodied cognition}},
    year = {2005},
    journal = {Humanoids Workshop, IEEE--RAS International Conference on Humanoid Robots, December},
    author = {Metta, Giorgio and Sandini, Giulio and Vernon, David and Caldwell, Darwin and Tsagarakis, Nikolaos and Beira, Ricardo and Santos-Victor, José and Ijspeert, Auke and Righetti, Ludovic and Cappiello, Giovanni and {others}}
}

@article{Englsberger2015,
    title = {{Three-Dimensional Bipedal Walking Control Based on Divergent Component of Motion}},
    year = {2015},
    journal = {IEEE Transactions on Robotics},
    author = {Englsberger, Johannes and Ott, Christian and Albu-Schaffer, Alin},
    number = {2},
    month = {4},
    pages = {355--368},
    volume = {31},
    url = {http://ieeexplore.ieee.org/document/7063218/},
    isbn = {9781467363587},
    doi = {10.1109/TRO.2015.2405592},
    issn = {1552-3098},
    pmid = {24315239},
    arxivId = {arXiv:1011.1669v3},
    keywords = {Bipedal robots, capture point, divergent component of motion, rough terrain, walking control}
}

@inproceedings{Englsberger2013,
    title = {{Three-dimensional bipedal walking control using Divergent Component of Motion}},
    year = {2013},
    booktitle = {2013 IEEE/RSJ International Conference on Intelligent Robots and Systems},
    author = {Englsberger, Johannes and Ott, Christian and Albu-Schaffer, Alin},
    month = {11},
    pages = {2600--2607},
    publisher = {IEEE},
    url = {http://ieeexplore.ieee.org/document/6696723/},
    isbn = {978-1-4673-6358-7},
    doi = {10.1109/IROS.2013.6696723},
    issn = {21530858},
    pmid = {24315239},
    arxivId = {arXiv:1011.1669v3}
}

@article{Zhang2015,
    title = {{Torque Estimation for Robotic Joint With Harmonic Drive Transmission Based on Position Measurements}},
    year = {2015},
    journal = {IEEE Transactions on Robotics},
    author = {Zhang, Hongwei and Ahmad, Saleh and Liu, Guangjun},
    isbn = {9781467356411},
    doi = {10.1109/TRO.2015.2402511},
    issn = {15523098},
    keywords = {Harmonic drive transmission, joint torque estimation, torque control}
}

@article{Englsberger2018,
    title = {{Torque-based dynamic walking - A long way from simulation to experiment}},
    year = {2018},
    journal = {IEEE International Conference on Robotics and Automation (ICRA)},
    author = {Englsberger, Johannes and Mesesan, George and Werner, Alexander and Ott, Christian},
    month = {5},
    pages = {440--447},
    publisher = {IEEE},
    url = {https://ieeexplore.ieee.org/document/8462862/},
    isbn = {9781538630808},
    doi = {10.1109/ICRA.2018.8462862}
}

@inproceedings{wieber2006trajectory,
    title = {{Trajectory Free Linear Model Predictive Control for Stable Walking in the Presence of Strong Perturbations}},
    year = {2006},
    booktitle = {2006 6th IEEE-RAS International Conference on Humanoid Robots},
    author = {Wieber, Pierre-brice},
    month = {12},
    pages = {137--142},
    publisher = {IEEE},
    url = {http://ieeexplore.ieee.org/document/4115592/},
    organization = {IEEE},
    isbn = {1-4244-0199-2},
    doi = {10.1109/ICHR.2006.321375}
}

@inproceedings{Englsberger2014,
    title = {{Trajectory generation for continuous leg forces during double support and heel-to-toe shift based on divergent component of motion}},
    year = {2014},
    booktitle = {2014 IEEE/RSJ International Conference on Intelligent Robots and Systems},
    author = {Englsberger, Johannes and Koolen, Twan and Bertrand, Sylvain and Pratt, Jerry and Ott, Christian and Albu-Schaffer, Alin},
    month = {9},
    pages = {4022--4029},
    publisher = {IEEE},
    url = {http://ieeexplore.ieee.org/document/6943128/},
    isbn = {978-1-4799-6934-0},
    doi = {10.1109/IROS.2014.6943128},
    issn = {21530866}
}

@book{Biagiotti2009,
    title = {{Trajectory planning for automatic machines and robots}},
    year = {2009},
    booktitle = {Trajectory Planning for Automatic Machines and Robots},
    author = {Biagiotti, Luigi and Melchiorri, Claudio},
    isbn = {9783540856283},
    doi = {10.1007/978-3-540-85629-0},
    issn = {10709932},
    pmid = {25246403},
    arxivId = {arXiv:1011.1669v3}
}

@article{Stronge1991,
    title = {{Unraveling paradoxical theories for rigid body collisions}},
    year = {1991},
    journal = {Journal of Applied Mechanics, Transactions ASME},
    author = {Stronge, W. J.},
    doi = {10.1115/1.2897681},
    issn = {15289036}
}

@inproceedings{Faragasso2013,
    title = {{Vision-based corridor navigation for humanoid robots}},
    year = {2013},
    booktitle = {Proceedings - IEEE International Conference on Robotics and Automation},
    author = {Faragasso, Angela and Oriolo, Giuseppe and Paolillo, Antonio and Vendittelli, Marilena},
    isbn = {9781467356411},
    doi = {10.1109/ICRA.2013.6631021},
    issn = {10504729}
}

@article{Tsagarakis2017,
    title = {{WALK-MAN: A High-Performance Humanoid Platform for Realistic Environments}},
    year = {2017},
    journal = {Journal of Field Robotics},
    author = {Tsagarakis, N. G. and Caldwell, D. G. and Negrello, F. and Choi, W. and Baccelliere, L. and Loc, V. G. and Noorden, J. and Muratore, L. and Margan, A. and Cardellino, A. and Natale, L. and Mingo Hoffman, E. and Dallali, H. and Kashiri, N. and Malzahn, J. and Lee, J. and Kryczka, P. and Kanoulas, D. and Garabini, M. and Catalano, M. and Ferrati, M. and Varricchio, V. and Pallottino, L. and Pavan, C. and Bicchi, A. and Settimi, A. and Rocchi, A. and Ajoudani, A.},
    isbn = {1556-4967},
    doi = {10.1002/rob.21702},
    issn = {15564967}
}

@inproceedings{hu2016walking,
    title = {{Walking of the iCub humanoid robot in different scenarios: implementation and performance analysis}},
    booktitle = {Humanoid Robots (Humanoids), 2016 IEEE-RAS 16th International Conference on},
    author = {Hu, Yue and Eljaik, Jorhabib and Stein, Kevin and Nori, Francesco and Mombaur, Katja},
    pages = {690--696}
}

@article{Caron2017,
    title = {{When to make a step? Tackling the timing problem in multi-contact locomotion by TOPP-MPC}},
    year = {2017},
    journal = {IEEE-RAS International Conference on Humanoid Robots},
    author = {Caron, Stephane and Pham, Quang Cuong},
    month = {12},
    pages = {522--528},
    publisher = {IEEE Computer Society},
    doi = {10.1109/HUMANOIDS.2017.8246922}
}

@inproceedings{dai2014whole,
    title = {{Whole-body motion planning with centroidal dynamics and full kinematics}},
    year = {2014},
    booktitle = {2014 IEEE-RAS International Conference on Humanoid Robots},
    author = {Dai, Hongkai and Valenzuela, Andrés and Tedrake, Russ},
    month = {2},
    pages = {295--302},
    volume = {2015-Febru},
    publisher = {IEEE Computer Society},
    organization = {IEEE},
    doi = {10.1109/HUMANOIDS.2014.7041375}
}

@incollection{MingoHoffman2014,
    title = {{Yarp Based Plugins for Gazebo Simulator}},
    year = {2014},
    author = {Mingo Hoffman, Enrico and Traversaro, Silvio and Rocchi, Alessio and Ferrati, Mirko and Settimi, Alessandro and Romano, Francesco and Natale, Lorenzo and Bicchi, Antonio and Nori, Francesco and Tsagarakis, Nikos G.},
    pages = {333--346},
    publisher = {Springer, Cham},
    url = {http://link.springer.com/10.1007/978-3-319-13823-7_29},
    doi = {10.1007/978-3-319-13823-7{\_}29}
}

@article{Metta2006,
    title = {{YARP: Yet Another Robot Platform}},
    year = {2006},
    journal = {International Journal of Advanced Robotic Systems},
    author = {Metta, Giorgio and Fitzpatrick, Paul and Natale, Lorenzo},
    number = {1},
    month = {3},
    pages = {8},
    volume = {3},
    publisher = {SAGE PublicationsSage UK: London, England},
    url = {http://journals.sagepub.com/doi/10.5772/5761},
    doi = {10.5772/5761},
    issn = {1729-8814},
    keywords = {humanoid robotics, interprocess communication, software platform}
}

@article{vukobratovic2004zero,
    title = {{Zero - Moment Point — Thirty Five Years of Its Life}},
    year = {2004},
    journal = {International Journal of Humanoid Robotics},
    author = {Vukobratovi{\'{c}}, Miomir and Borovac, Branislav and Vukobratov, Miomir and Borovac, Branislav},
    number = {1},
    pages = {157--173},
    volume = {1},
    publisher = {World Scientific},
    isbn = {0219-8436},
    doi = {10.1142/S0219843604000083},
    issn = {0219-8436}
}

@article{Ferreau2014,
    title = {{{\{}qpOASES{\}}: A parametric active-set algorithm for quadratic programming}},
    year = {2014},
    journal = {Mathematical Programming Computation},
    author = {Ferreau, H J and Kirches, C and Potschka, A and Bock, H G and Diehl, M},
    number = {4},
    pages = {327--363},
    volume = {6},
    keywords = {active set method, model predictive control, parametric quadratic programming, qpOASES}
}

@article{Romualdi2020ARobots,
    title = {{A Benchmarking of DCM-Based Architectures for Position, Velocity and Torque-Controlled Humanoid Robots}},
    year = {2020},
    journal = {International Journal of Humanoid Robotics},
    author = {Romualdi, Giulio and Dafarra, Stefano and Hu, Yue and Ramadoss, Prashanth and Chavez, Francisco Javier Andrade and Traversaro, Silvio and Pucci, Daniele},
    number = {01},
    month = {2},
    pages = {1950034},
    volume = {17},
    publisher = { World Scientific Publishing Company },
    url = {https://www.worldscientific.com/doi/abs/10.1142/S0219843619500348},
    doi = {10.1142/S0219843619500348},
    issn = {0219-8436},
    keywords = {Bipedal robot locomotion, DCM, benchmarking}
}

@article{Goldenberg1985ARobots,
    title = {{A complete generalized solution to the inverse kinematics of robots}},
    year = {1985},
    journal = {IEEE Journal on Robotics and Automation},
    author = {Goldenberg, A. and Benhabib, B. and Fenton, R.},
    number = {1},
    pages = {14--20},
    volume = {1},
    doi = {10.1109/JRA.1985.1086995},
    issn = {0882-4967}
}

@article{Li2020ARobots,
    title = {{A compliance control method based on viscoelastic model for position-controlled humanoid robots}},
    year = {2020},
    journal = {IEEE International Conference on Intelligent Robots and Systems},
    author = {Li, Qingqing and Yu, Zhangguo and Chen, Xuechao and Meng, Libo and Huang, Qiang and Fu, Chenglong and Chen, Ken and Tao, Chunjing},
    month = {10},
    pages = {3518--3524},
    publisher = {Institute of Electrical and Electronics Engineers Inc.},
    isbn = {9781728162126},
    doi = {10.1109/IROS45743.2020.9340831},
    issn = {21530866}
}

@article{Marhefka1999ASystems,
    title = {{A compliant contact model with nonlinear damping for simulation of robotic systems}},
    year = {1999},
    journal = {IEEE Transactions on Systems, Man, and Cybernetics - Part A: Systems and Humans},
    author = {Marhefka, D.W. and Orin, D.E.},
    number = {6},
    pages = {566--572},
    volume = {29},
    doi = {10.1109/3468.798060},
    issn = {10834427}
}

@inproceedings{Ponton2016AGeneration,
    title = {{A convex model of humanoid momentum dynamics for multi-contact motion generation}},
    year = {2016},
    booktitle = {2016 IEEE-RAS 16th International Conference on Humanoid Robots (Humanoids)},
    author = {Ponton, Brahayam and Herzog, Alexander and Schaal, Stefan and Righetti, Ludovic},
    month = {11},
    pages = {842--849},
    publisher = {IEEE},
    isbn = {978-1-5090-4718-5},
    doi = {10.1109/HUMANOIDS.2016.7803371}
}

@article{Bayo1987ARobot,
    title = {{A finite-element approach to control the end-point motion of a single-link flexible robot}},
    year = {1987},
    journal = {Journal of Robotic Systems},
    author = {Bayo, Eduardo},
    number = {1},
    month = {2},
    pages = {63--75},
    volume = {4},
    publisher = {John Wiley {\&} Sons, Ltd},
    url = {https://onlinelibrary.wiley.com/doi/full/10.1002/rob.4620040106 https://onlinelibrary.wiley.com/doi/abs/10.1002/rob.4620040106 https://onlinelibrary.wiley.com/doi/10.1002/rob.4620040106},
    doi = {10.1002/ROB.4620040106},
    issn = {1097-4563}
}

@article{Bayo1987ARobotb,
    title = {{A finite-element approach to control the end-point motion of a single-link flexible robot}},
    year = {1987},
    journal = {Journal of Robotic Systems},
    author = {Bayo, Eduardo},
    number = {1},
    month = {2},
    pages = {63--75},
    volume = {4},
    publisher = {John Wiley {\&} Sons, Ltd},
    url = {https://onlinelibrary.wiley.com/doi/full/10.1002/rob.4620040106 https://onlinelibrary.wiley.com/doi/abs/10.1002/rob.4620040106 https://onlinelibrary.wiley.com/doi/10.1002/rob.4620040106},
    doi = {10.1002/ROB.4620040106},
    issn = {1097-4563}
}

@article{Sygulla2020AFootholds:,
    title = {{A force-control scheme for biped robots to walk over uneven terrain including partial footholds:}},
    year = {2020},
    journal = {https://doi.org/10.1177/1729881419897472},
    author = {Sygulla, Felix and Rixen, Daniel},
    number = {1},
    month = {1},
    volume = {17},
    publisher = {SAGE PublicationsSage UK: London, England},
    url = {https://journals.sagepub.com/doi/full/10.1177/1729881419897472},
    doi = {10.1177/1729881419897472},
    issn = {17298814},
    keywords = {Biped walking, force control, humanoid robot, partial footholds, vertical center of mass acceleration}
}

@article{Sola2018ARobotics,
    title = {{A micro Lie theory for state estimation in robotics}},
    year = {2018},
    author = {Sol{\`{a}}, Joan and Deray, Jeremie and Atchuthan, Dinesh},
    month = {12},
    url = {https://arxiv.org/abs/1812.01537v9},
    arxivId = {1812.01537}
}

@inproceedings{Axehill2006AMPC,
    title = {{A Mixed Integer Dual Quadratic Programming Algorithm Tailored for MPC}},
    year = {2006},
    booktitle = {Proceedings of the 45th IEEE Conference on Decision and Control},
    author = {Axehill, Daniel and Hansson, Anders},
    pages = {5693--5698},
    publisher = {IEEE},
    isbn = {1-4244-0171-2},
    doi = {10.1109/CDC.2006.377215}
}

@article{Kalman1960AProblems,
    title = {{A New Approach to Linear Filtering and Prediction Problems}},
    year = {1960},
    journal = {Journal of Basic Engineering},
    author = {Kalman, R. E.},
    number = {1},
    month = {3},
    pages = {35--45},
    volume = {82},
    doi = {10.1115/1.3662552},
    issn = {0021-9223}
}

@article{Ge1997AModel,
    title = {{A Nonlinear Feedback Controller for a Single-Link Flexible Manipulator Based on a Finite Element Model}},
    year = {1997},
    journal = {Journal of Robotic Systems},
    author = {Ge, S S and Lee, T H and Zhu, G},
    number = {3},
    pages = {165--178},
    volume = {14},
    doi = {10.1002/(SICI)1097-4563(199703)14:3}
}

@article{Yang2008ARobot,
    title = {{A novel design of flexible foot system for humanoid robot}},
    year = {2008},
    journal = {2008 IEEE International Conference on Robotics, Automation and Mechatronics, RAM 2008},
    author = {Yang, Hongqiao and Shuai, Mei and Zhen, Q. I.U. and Hui, W. E.I. and Zheng, Qi},
    pages = {824--828},
    isbn = {9781424416769},
    doi = {10.1109/RAMECH.2008.4690883},
    keywords = {Flexible foot system, Humanoid robot, Locomoting on uneven ground}
}

@article{Naveau2017AControl,
    title = {{A Reactive Walking Pattern Generator Based on Nonlinear Model Predictive Control}},
    year = {2017},
    journal = {IEEE Robotics and Automation Letters},
    author = {Naveau, M. and Kudruss, M. and Stasse, O. and Kirches, C. and Mombaur, K. and Soueres, P.},
    number = {1},
    month = {1},
    pages = {10--17},
    volume = {2},
    doi = {10.1109/LRA.2016.2518739},
    issn = {2377-3766}
}

@article{Jeong2019AStrategies,
    title = {{A Robust Walking Controller Based on Online Optimization of Ankle, Hip, and Stepping Strategies}},
    year = {2019},
    journal = {IEEE Transactions on Robotics},
    author = {Jeong, Hyobin and Lee, Inho and Oh, Jaesung and Lee, Kang Kyu and Oh, Jun Ho},
    number = {6},
    month = {12},
    pages = {1367--1386},
    volume = {35},
    publisher = {Institute of Electrical and Electronics Engineers Inc.},
    doi = {10.1109/TRO.2019.2926487},
    keywords = {Biped walking, divergent component of motion (DCM), humanoid robot, walking control}
}

@article{Tosunoglu1990AccessibilityManipulators,
    title = {{Accessibility and controllability of flexible robotic manipulators}},
    year = {1990},
    journal = {Proceedings of the American Control Conference},
    author = {Tosunoglu, Sabri and Lin, Shyng Her and Tesar, Delbert},
    pages = {704--711},
    publisher = {Publ by American Automatic Control Council},
    doi = {10.23919/ACC.1990.4790825},
    issn = {07431619}
}

@article{Catalano2022AdaptiveWalkers,
    title = {{Adaptive Feet for Quadrupedal Walkers}},
    year = {2022},
    journal = {IEEE Transactions on Robotics},
    author = {Catalano, Manuel Giuseppe and Pollayil, Mathew Jose and Grioli, Giorgio and Valsecchi, Giorgio and Kolvenbach, Hendrik and Hutter, Marco and Bicchi, Antonio and Garabini, Manolo},
    number = {1},
    month = {2},
    pages = {302--316},
    volume = {38},
    publisher = {Institute of Electrical and Electronics Engineers Inc.},
    doi = {10.1109/TRO.2021.3088060},
    issn = {19410468},
    keywords = {Adaptive feet, Quadrupedal robots, Soft foot}
}

@article{Viceconte2022ADHERENT:Robots,
    title = {{ADHERENT: Learning Human-like Trajectory Generators for Whole-body Control of Humanoid Robots}},
    year = {2022},
    journal = {IEEE Robotics and Automation Letters},
    author = {Viceconte, Paolo Maria and Camoriano, Raffaello and Romualdi, Giulio and Ferigo, Diego and Dafarra, Stefano and Traversaro, Silvio and Oriolo, Giuseppe and Rosasco, Lorenzo and Pucci, Daniele},
    number = {2},
    month = {4},
    pages = {2779--2786},
    volume = {7},
    doi = {10.1109/LRA.2022.3141658},
    issn = {2377-3766}
}

@book{Kirillov2008AnAlgebras,
    title = {{An Introduction to Lie Groups and Lie Algebras}},
    year = {2008},
    author = {Kirillov, Alexander},
    publisher = {Cambridge University Press},
    address = {Cambridge},
    isbn = {9780511755156},
    doi = {10.1017/CBO9780511755156}
}

@book{Tu2011AnManifolds,
    title = {{An Introduction to Manifolds}},
    year = {2011},
    author = {Tu, Loring W.},
    publisher = {Springer New York},
    address = {New York, NY},
    isbn = {978-1-4419-7399-3},
    doi = {10.1007/978-1-4419-7400-6}
}

@article{Qin2000AnApplications,
    title = {{An Overview of Nonlinear Model Predictive Control Applications}},
    year = {2000},
    journal = {Nonlinear Model Predictive Control},
    author = {Qin, S. Joe and Badgwell, Thomas A.},
    pages = {369--392},
    publisher = {Birkh{\"{a}}user, Basel},
    url = {https://link.springer.com/chapter/10.1007/978-3-0348-8407-5_21},
    doi = {10.1007/978-3-0348-8407-5{\_}21}
}

@inproceedings{Koolen2016BalanceContact,
    title = {{Balance control using center of mass height variation: Limitations imposed by unilateral contact}},
    year = {2016},
    booktitle = {2016 IEEE-RAS 16th International Conference on Humanoid Robots (Humanoids)},
    author = {Koolen, Twan and Posa, Michael and Tedrake, Russ},
    month = {11},
    pages = {8--15},
    publisher = {IEEE},
    isbn = {978-1-5090-4718-5},
    doi = {10.1109/HUMANOIDS.2016.7803247}
}

@article{Joe2018BalanceRobot,
    title = {{Balance recovery through model predictive control based on capture point dynamics for biped walking robot}},
    year = {2018},
    journal = {Robotics and Autonomous Systems},
    author = {Joe, Hyun-Min and Oh, Jun-Ho},
    month = {7},
    pages = {1--10},
    volume = {105},
    doi = {10.1016/j.robot.2018.03.004},
    issn = {09218890}
}

@article{Kajita2001BalancingFeedback,
    title = {{Balancing a humanoid robot using backdrive concerned torque control and direct angular momentum feedback}},
    year = {2001},
    journal = {Proceedings - IEEE International Conference on Robotics and Automation},
    author = {Kajita, S. and Yokoi, K. and Saigo, M. and Tanie, K.},
    pages = {3376--3382},
    volume = {4},
    isbn = {0780365763},
    doi = {10.1109/ROBOT.2001.933139},
    issn = {10504729}
}

@article{Abbaspour2007BasicTheory,
    title = {{Basic lie theory}},
    year = {2007},
    journal = {Basic Lie Theory},
    author = {Abbaspour, Hossein and Moskowitz, Martin},
    month = {1},
    pages = {1--427},
    publisher = {World Scientific Publishing Co.},
    isbn = {9789812790293},
    doi = {10.1142/6462}
}

@article{Falcon1998BehaviorGround,
    title = {{Behavior of one inelastic ball bouncing repeatedly off the ground}},
    year = {1998},
    journal = {The European Physical Journal B},
    author = {Falcon, E. and Laroche, C. and Fauve, S. and Coste, C.},
    number = {1},
    month = {6},
    pages = {45--57},
    volume = {3},
    doi = {10.1007/s100510050283},
    issn = {1434-6028}
}

@article{Torricelli2015BenchmarkingHumans,
    title = {{Benchmarking Bipedal Locomotion: A Unified Scheme for Humanoids, Wearable Robots, and Humans}},
    year = {2015},
    journal = {IEEE Robotics {\&} Automation Magazine},
    author = {Torricelli, Diego and Gonzalez-Vargas, Jose and Veneman, Jan F. and Mombaur, Katja and Tsagarakis, Nikos and del-Ama, Antonio J. and Gil-Agudo, Angel and Moreno, Juan C. and Pons, Jose L.},
    number = {3},
    month = {9},
    pages = {103--115},
    volume = {22},
    doi = {10.1109/MRA.2015.2448278},
    issn = {1070-9932}
}

@inproceedings{Caron2020BipedModel,
    title = {{Biped Stabilization by Linear Feedback of the Variable-Height Inverted Pendulum Model}},
    year = {2020},
    booktitle = {2020 IEEE International Conference on Robotics and Automation (ICRA)},
    author = {Caron, Stephane},
    month = {5},
    pages = {9782--9788},
    publisher = {IEEE},
    isbn = {978-1-7281-7395-5},
    doi = {10.1109/ICRA40945.2020.9196715}
}

@inproceedings{Kajita2010BipedTracking,
    title = {{Biped walking stabilization based on linear inverted pendulum tracking}},
    year = {2010},
    booktitle = {2010 IEEE/RSJ International Conference on Intelligent Robots and Systems},
    author = {Kajita, S and Morisawa, M and Miura, K and Nakaoka, S and Harada, K and Kaneko, K and Kanehiro, F and Yokoi, K},
    month = {10},
    pages = {4489--4496},
    publisher = {IEEE},
    url = {http://ieeexplore.ieee.org/document/5651082/},
    isbn = {978-1-4244-6674-0},
    doi = {10.1109/IROS.2010.5651082}
}

@book{Liberzon2012CalculusTheory,
    title = {{Calculus of Variations and Optimal Control Theory}},
    year = {2012},
    author = {Liberzon, Daniel},
    month = {1},
    publisher = {Princeton University Press},
    isbn = {9781400842643},
    doi = {10.1515/9781400842643}
}

@article{Andersson2018CasADi:Control,
    title = {{CasADi: a software framework for nonlinear optimization and optimal control}},
    year = {2018},
    journal = {Mathematical Programming Computation 2018 11:1},
    author = {Andersson, Joel A. E. and Gillis, Joris and Horn, Greg and Rawlings, James B. and Diehl, Moritz},
    number = {1},
    month = {7},
    pages = {1--36},
    volume = {11},
    publisher = {Springer},
    url = {https://link.springer.com/article/10.1007/s12532-018-0139-4},
    doi = {10.1007/S12532-018-0139-4},
    issn = {1867-2957},
    keywords = {Mathematics of Computing, Operations Research/Decision Theory, Optimization, Theory of Computation}
}

@article{Murooka2022CentroidalMotion,
    title = {{Centroidal Trajectory Generation and Stabilization Based on Preview Control for Humanoid Multi-Contact Motion}},
    year = {2022},
    journal = {IEEE Robotics and Automation Letters},
    author = {Murooka, Masaki and Morisawa, Mitsuharu and Kanehiro, Fumio},
    number = {3},
    month = {7},
    pages = {8225--8232},
    volume = {7},
    url = {https://ieeexplore.ieee.org/document/9807369/},
    doi = {10.1109/LRA.2022.3186515},
    issn = {2377-3766}
}

@article{Li2020Centroidal-momentum-basedLocomotion,
    title = {{Centroidal-momentum-based trajectory generation for legged locomotion}},
    year = {2020},
    journal = {Mechatronics},
    author = {Li, Chuanzheng and Ding, Yanran and Park, Hae Won},
    month = {6},
    pages = {102364},
    volume = {68},
    publisher = {Pergamon},
    doi = {10.1016/J.MECHATRONICS.2020.102364},
    issn = {0957-4158},
    keywords = {Centroidal momentum, Legged locomotion, Trajectory optimization}
}

@article{Hunt1975CoefficientVibroimpact,
    title = {{Coefficient of Restitution Interpreted as Damping in Vibroimpact}},
    year = {1975},
    journal = {Journal of Applied Mechanics},
    author = {Hunt, K. H. and Crossley, F. R. E.},
    number = {2},
    month = {6},
    pages = {440--445},
    volume = {42},
    doi = {10.1115/1.3423596},
    issn = {0021-8936}
}

@inproceedings{Shahriar2013ComparisonSystem,
    title = {{Comparison of MPC and conventional control methods for the stability enhancement of UPFC connected SMIB system}},
    year = {2013},
    booktitle = {2013 2nd International Conference on Advances in Electrical Engineering (ICAEE)},
    author = {Shahriar, Md. Shoaib and Ahmed, Md. Ashik and Rahman, M. Ishtiaque and Khan, Abdullah Ibthesam},
    month = {12},
    pages = {223--228},
    publisher = {IEEE},
    isbn = {978-1-4799-2465-3},
    doi = {10.1109/ICAEE.2013.6750337}
}

@inproceedings{Ramuzat2021ComparisonTALOS,
    title = {{Comparison of Position and Torque Whole-Body Control Schemes on the Humanoid Robot TALOS}},
    year = {2021},
    booktitle = {2021 20th International Conference on Advanced Robotics (ICAR)},
    author = {Ramuzat, N. and Buondonno, G. and Boria, S. and Stasse, O.},
    month = {12},
    pages = {785--792},
    publisher = {IEEE},
    isbn = {978-1-6654-3684-7},
    doi = {10.1109/ICAR53236.2021.9659380}
}

@inproceedings{Nakaoka2007Constraint-basedMechanisms,
    title = {{Constraint-based dynamics simulator for humanoid robots with shock absorbing mechanisms}},
    year = {2007},
    booktitle = {2007 IEEE/RSJ International Conference on Intelligent Robots and Systems},
    author = {Nakaoka, Shin'ichiro and Hattori, Shizuko and Kanehiro, Fumio and Kajita, Shuuji and Hirukawa, Hirohisa},
    month = {10},
    pages = {3641--3647},
    publisher = {IEEE},
    isbn = {978-1-4244-0911-2},
    doi = {10.1109/IROS.2007.4399415}
}

@book{Johnson1985ContactMechanics,
    title = {{Contact Mechanics}},
    year = {1985},
    author = {Johnson, K. L.},
    month = {5},
    publisher = {Cambridge University Press},
    isbn = {9780521255769},
    doi = {10.1017/CBO9781139171731}
}

@article{Romualdi2022ControlControl,
    title = {{Control and Estimation of Link Flexibility for Humanoid Robot Motion Control}},
    year = {2022},
    journal = {IEEE-RAS International Conference on Humanoid Robots (Humanoids) (Submitted)},
    author = {Romualdi, Giulio and Villa, Nahuel and Dafarra, Stefano and Pucci, Daniele and Stasse, Olivier}
}

@book{Boyd2004ConvexOptimization,
    title = {{Convex Optimization}},
    year = {2004},
    author = {Boyd, Stephen and Vandenberghe, Lieven},
    month = {3},
    publisher = {Cambridge University Press},
    isbn = {9780521833783},
    doi = {10.1017/CBO9780511804441}
}

@article{Bemporad2001ConvexityPolyhedra,
    title = {{Convexity recognition of the union of polyhedra}},
    year = {2001},
    journal = {Computational Geometry: Theory and Applications},
    author = {Bemporad, Alberto and Fukuda, Komei and Torrisi, Fabio D.},
    number = {3},
    month = {4},
    pages = {141--154},
    volume = {18},
    publisher = {{\\\}		Elsevier Science Publishers B. V.{\\\}		PUB568{\\\}		Amsterdam, The Netherlands, The Netherlands{\\\}	},
    url = {https://dl.acm.org/doi/abs/10.1016/S0925-7721%2801%2900004-9},
    doi = {10.1016/S0925-7721(01)00004-9},
    issn = {09257721},
    keywords = {Convexity, Polyhedron, Union}
}

@article{Fernbach2018CROC:Problem,
    title = {{CROC: Convex Resolution of Centroidal Dynamics Trajectories to Provide a Feasibility Criterion for the Multi Contact Planning Problem}},
    year = {2018},
    journal = {IEEE International Conference on Intelligent Robots and Systems},
    author = {Fernbach, Pierre and Tonneau, Steve and Taix, Michel},
    month = {12},
    pages = {8367--8373},
    publisher = {Institute of Electrical and Electronics Engineers Inc.},
    doi = {10.1109/IROS.2018.8593888}
}

@inproceedings{Mastalli2020Crocoddyl:Control,
    title = {{Crocoddyl: An Efficient and Versatile Framework for Multi-Contact Optimal Control}},
    year = {2020},
    booktitle = {2020 IEEE International Conference on Robotics and Automation (ICRA)},
    author = {Mastalli, Carlos and Budhiraja, Rohan and Merkt, Wolfgang and Saurel, Guilhem and Hammoud, Bilal and Naveau, Maximilien and Carpentier, Justin and Righetti, Ludovic and Vijayakumar, Sethu and Mansard, Nicolas},
    month = {5},
    pages = {2536--2542},
    publisher = {IEEE},
    isbn = {978-1-7281-7395-5},
    doi = {10.1109/ICRA40945.2020.9196673}
}

@article{Selig2007CurvesSE3,
    title = {{Curves of stationary acceleration in SE(3)}},
    year = {2007},
    journal = {IMA Journal of Mathematical Control and Information},
    author = {Selig, J. M.},
    number = {1},
    month = {3},
    pages = {95--113},
    volume = {24},
    doi = {10.1093/imamci/dnl017},
    issn = {1471-6887}
}

@inproceedings{Budhiraja2018DifferentialDynamics,
    title = {{Differential Dynamic Programming for Multi-Phase Rigid Contact Dynamics}},
    year = {2018},
    booktitle = {2018 IEEE-RAS 18th International Conference on Humanoid Robots (Humanoids)},
    author = {Budhiraja, Rohan and Carpentier, Justin and Mastalli, Carlos and Mansard, Nicolas},
    month = {11},
    pages = {1--9},
    publisher = {IEEE},
    isbn = {978-1-5386-7283-9},
    doi = {10.1109/HUMANOIDS.2018.8624925}
}

@inproceedings{Ramadoss2021DILIGENT-KIO:Groups,
    title = {{DILIGENT-KIO: A Proprioceptive Base Estimator for Humanoid Robots using Extended Kalman Filtering on Matrix Lie Groups}},
    year = {2021},
    booktitle = {2021 IEEE International Conference on Robotics and Automation (ICRA)},
    author = {Ramadoss, Prashanth and Romualdi, Giulio and Dafarra, Stefano and Andrade Chavez, Francisco Javier and Traversaro, Silvio and Pucci, Daniele},
    month = {5},
    pages = {2904--2910},
    publisher = {IEEE},
    isbn = {978-1-7281-9077-8},
    doi = {10.1109/ICRA48506.2021.9561248}
}

@article{Bohme2017DirectControl,
    title = {{Direct Methods for Optimal Control}},
    year = {2017},
    journal = {Advances in Industrial Control},
    author = {Bohme, Thomas J. and Frank, Benjamin},
    number = {9783319513157},
    month = {1},
    pages = {233--273},
    publisher = {Springer, Cham},
    url = {https://link.springer.com/chapter/10.1007/978-3-319-51317-1_8},
    doi = {10.1007/978-3-319-51317-1{\_}8},
    issn = {21931577}
}

@inproceedings{Griffin2016DisturbanceRecovery,
    title = {{Disturbance compensation and step optimization for push recovery}},
    year = {2016},
    booktitle = {2016 IEEE/RSJ International Conference on Intelligent Robots and Systems (IROS)},
    author = {Griffin, Robert J. and Leonessa, Alexander and Asbeck, Alan},
    month = {10},
    pages = {5385--5390},
    publisher = {IEEE},
    isbn = {978-1-5090-3762-9},
    doi = {10.1109/IROS.2016.7759792}
}

@article{Fukuda1995DoubleRevisited,
    title = {{Double description method revisited}},
    year = {1995},
    journal = {Lecture Notes in Computer Science (including subseries Lecture Notes in Artificial Intelligence and Lecture Notes in Bioinformatics)},
    author = {Fukuda, Komei and Prodon, Alain},
    pages = {91--111},
    volume = {1120},
    publisher = {Springer, Berlin, Heidelberg},
    url = {https://link.springer.com/chapter/10.1007/3-540-61576-8_77},
    isbn = {3540615768},
    doi = {10.1007/3-540-61576-8{\_}77},
    issn = {16113349}
}

@article{Dafarra2022DynamicLocomotion,
    title = {{Dynamic Complementary Conditions and  Whole-Body Trajectory Optimization  for Humanoid Robot Locomotion}},
    year = {2022},
    journal = {IEEE Transactions on Robotics},
    author = {Dafarra, Stefano and Romualdi, Giulio and Pucci, Daniele}
}

@inproceedings{DiCarlo2018DynamicControl,
    title = {{Dynamic Locomotion in the MIT Cheetah 3 Through Convex Model-Predictive Control}},
    year = {2018},
    booktitle = {2018 IEEE/RSJ International Conference on Intelligent Robots and Systems (IROS)},
    author = {Di Carlo, Jared and Wensing, Patrick M. and Katz, Benjamin and Bledt, Gerardo and Kim, Sangbae},
    month = {10},
    pages = {1--9},
    publisher = {IEEE},
    isbn = {978-1-5386-8094-0},
    doi = {10.1109/IROS.2018.8594448}
}

@article{Subedi2021DynamicManipulators,
    title = {{Dynamic Modeling of Planar Multi-Link Flexible Manipulators}},
    year = {2021},
    journal = {Robotics 2021, Vol. 10, Page 70},
    author = {Subedi, Dipendra and Tyapin, Ilya and Hovland, Geir},
    number = {2},
    month = {5},
    pages = {70},
    volume = {10},
    publisher = {Multidisciplinary Digital Publishing Institute},
    url = {https://www.mdpi.com/2218-6581/10/2/70/htm https://www.mdpi.com/2218-6581/10/2/70},
    doi = {10.3390/ROBOTICS10020070},
    issn = {2218-6581},
    keywords = {flexibility, modeling, modes, oscillation, robotics, vibration}
}

@incollection{Nguyen2020DynamicFunctions,
    title = {{Dynamic Walking on Stepping Stones with Gait Library and Control Barrier Functions}},
    year = {2020},
    author = {Nguyen, Quan and Da, Xingye and Grizzle, J. W. and Sreenath, Koushil},
    pages = {384--399},
    doi = {10.1007/978-3-030-43089-4{\_}25}
}

@book{Pressley2010ElementaryGeometry,
    title = {{Elementary Differential Geometry}},
    year = {2010},
    author = {Pressley, Andrew},
    publisher = {Springer London},
    address = {London},
    isbn = {978-1-84882-890-2},
    doi = {10.1007/978-1-84882-891-9}
}

@inproceedings{Stellato2018EmbeddedSolver,
    title = {{Embedded Mixed-Integer Quadratic optimization Using the OSQP Solver}},
    year = {2018},
    booktitle = {2018 European Control Conference (ECC)},
    author = {Stellato, Bartolomeo and Naik, Vihangkumar V. and Bemporad, Alberto and Goulart, Paul and Boyd, Stephen},
    month = {6},
    pages = {1536--1541},
    publisher = {IEEE},
    isbn = {978-3-9524-2698-2},
    doi = {10.23919/ECC.2018.8550136}
}

@inproceedings{Ibanez2014EmergenceControl,
    title = {{Emergence of humanoid walking behaviors from mixed-integer model predictive control}},
    year = {2014},
    booktitle = {2014 IEEE/RSJ International Conference on Intelligent Robots and Systems},
    author = {Ibanez, Aurelien and Bidaud, Philippe and Padois, Vincent},
    month = {9},
    pages = {4014--4021},
    publisher = {IEEE},
    isbn = {978-1-4799-6934-0},
    doi = {10.1109/IROS.2014.6943127}
}

@article{Friedl2011FASOver,
    title = {{FAS A flexible antagonistic spring element for a high performance over}},
    year = {2011},
    author = {Friedl, W. and Chalon, M. and Reinecke, J. and Grebenstein, M.},
    month = {12},
    pages = {1366--1372},
    publisher = {Institute of Electrical and Electronics Engineers (IEEE)},
    doi = {10.1109/IROS.2011.6094569}
}

@inproceedings{Bouyarmane2011FEM-basedSupport,
    title = {{FEM-based static posture planning for a humanoid robot on deformable contact support}},
    year = {2011},
    booktitle = {2011 11th IEEE-RAS International Conference on Humanoid Robots},
    author = {Bouyarmane, Karim and Kheddar, Abderrahmane},
    month = {10},
    pages = {487--492},
    publisher = {IEEE},
    isbn = {978-1-61284-868-6},
    doi = {10.1109/Humanoids.2011.6100848}
}

@article{Dantec2022FirstFeedback,
    title = {{First Order Approximation of Model Predictive Control Solutions for High Frequency Feedback}},
    year = {2022},
    journal = {IEEE Robotics and Automation Letters},
    author = {Dantec, Ewen and Taix, Michel and Mansard, Nicolas},
    number = {2},
    month = {4},
    pages = {4448--4455},
    volume = {7},
    doi = {10.1109/LRA.2022.3149573},
    issn = {2377-3766}
}

@article{Li2008FlexibleRobot,
    title = {{Flexible foot design for a humanoid robot}},
    year = {2008},
    journal = {Proceedings of the IEEE International Conference on Automation and Logistics, ICAL 2008},
    author = {Li, Jianxi and Huang, Qiang and Zhang, Weimin and Yu, Zhangguo and Li, Kejie},
    pages = {1414--1419},
    publisher = {IEEE Computer Society},
    isbn = {9781424425020},
    doi = {10.1109/ICAL.2008.4636375},
    keywords = {Attitude estimation, Flexible foot, Humanoid robot, Impact absorption, MEMS sensor}
}

@article{Chiaverini1994Force/positionManipulators,
    title = {{Force/position regulation of compliant robot manipulators}},
    year = {1994},
    journal = {IEEE Transactions on Automatic Control},
    author = {Chiaverini, S. and Siciliano, B. and Villani, L.},
    number = {3},
    month = {3},
    pages = {647--652},
    volume = {39},
    doi = {10.1109/9.280780},
    issn = {00189286}
}

@article{Winkler2018GaitParameterization,
    title = {{Gait and Trajectory Optimization for Legged Systems Through Phase-Based End-Effector Parameterization}},
    year = {2018},
    journal = {IEEE Robotics and Automation Letters},
    author = {Winkler, Alexander W. and Bellicoso, C. Dario and Hutter, Marco and Buchli, Jonas},
    number = {3},
    month = {7},
    pages = {1560--1567},
    volume = {3},
    doi = {10.1109/LRA.2018.2798285},
    issn = {2377-3766}
}

@book{Holm2008GeometricRolling,
    title = {{Geometric Mechanics Part II: Rotating, Translating and Rolling}},
    year = {2008},
    author = {Holm, Darryl D},
    month = {4},
    publisher = {IMPERIAL COLLEGE PRESS},
    url = {https://www.worldscientific.com/worldscibooks/10.1142/p549},
    isbn = {978-1-84816-155-9},
    doi = {10.1142/p549}
}

@book{Lee2018GlobalManifolds,
    title = {{Global Formulations of Lagrangian and Hamiltonian Dynamics on Manifolds}},
    year = {2018},
    author = {Lee, Taeyoung and Leok, Melvin and McClamroch, N. Harris},
    publisher = {Springer International Publishing},
    address = {Cham},
    isbn = {978-3-319-56951-2},
    doi = {10.1007/978-3-319-56953-6}
}

@misc{GurobiOptimization2022GurobiManual,
    title = {{Gurobi Optimizer Reference Manual}},
    year = {2022},
    author = {Gurobi Optimization, LLC}
}

@incollection{Takanishi2019HistoricalAsia,
    title = {{Historical Perspective of Humanoid Robot Research in Asia}},
    year = {2019},
    booktitle = {Humanoid Robotics: A Reference},
    author = {Takanishi, Atsuo},
    pages = {35--52},
    publisher = {Springer Netherlands},
    address = {Dordrecht},
    doi = {10.1007/978-94-007-6046-2{\_}145}
}

@article{Catalano2021HRP-4Feet,
    title = {{HRP-4 Walks on Soft Feet}},
    year = {2021},
    journal = {IEEE Robotics and Automation Letters},
    author = {Catalano, Manuel G. and Frizza, Irene and Morandi, Cecilia and Grioli, Giorgio and Ayusawa, Ko and Ito, Takahiro and Venture, Gentiane},
    number = {2},
    month = {4},
    pages = {470--477},
    volume = {6},
    publisher = {Institute of Electrical and Electronics Engineers Inc.},
    doi = {10.1109/LRA.2020.2979630},
    issn = {23773766},
    keywords = {Humanoid and bipedal locomotion, compliant joint/mechanism, natural machine motion}
}

@article{Hogg2011HSL_MA97Systems,
    title = {{HSL{\_}MA97 : a bit-compatible multifrontal code for sparse symmetric systems}},
    year = {2011},
    journal = {Rutherford Appleton Laboratory Technical Reports},
    author = {Hogg, Jd and Scott, Jennifer A.}
}

@article{Kaneko2019HumanoidJoints,
    title = {{Humanoid Robot HRP-5P: An Electrically Actuated Humanoid Robot With High-Power and Wide-Range Joints}},
    year = {2019},
    journal = {IEEE Robotics and Automation Letters},
    author = {Kaneko, Kenji and Kaminaga, Hiroshi and Sakaguchi, Takeshi and Kajita, Shuuji and Morisawa, Mitsuharu and Kumagai, Iori and Kanehiro, Fumio},
    number = {2},
    month = {4},
    pages = {1431--1438},
    volume = {4},
    url = {https://ieeexplore.ieee.org/document/8630006/},
    doi = {10.1109/LRA.2019.2896465},
    issn = {2377-3766}
}

@article{Sheridan2016HumanRobotInteraction,
    title = {{Human–Robot Interaction}},
    year = {2016},
    journal = {Human Factors: The Journal of the Human Factors and Ergonomics Society},
    author = {Sheridan, Thomas B.},
    number = {4},
    month = {6},
    pages = {525--532},
    volume = {58},
    doi = {10.1177/0018720816644364},
    issn = {0018-7208}
}

@article{DelPrete2016ImplementingSensors,
    title = {{Implementing Torque Control with High-Ratio Gear Boxes and Without Joint-Torque Sensors}},
    year = {2016},
    journal = {International Journal of Humanoid Robotics},
    author = {Del Prete, Andrea and Mansard, Nicolas and Ramos, Oscar E. and Stasse, Olivier and Nori, Francesco},
    number = {01},
    month = {3},
    pages = {1550044},
    volume = {13},
    doi = {10.1142/S0219843615500449},
    issn = {0219-8436}
}

@article{Ascher1997Implicit-explicitEquations,
    title = {{Implicit-explicit Runge-Kutta methods for time-dependent partial differential equations}},
    year = {1997},
    journal = {Applied Numerical Mathematics},
    author = {Ascher, Uri M. and Ruuth, Steven J. and Spiteri, Raymond J.},
    number = {2-3},
    month = {11},
    pages = {151--167},
    volume = {25},
    doi = {10.1016/S0168-9274(97)00056-1},
    issn = {01689274}
}

@article{Seyde2018InclusionWalking,
    title = {{Inclusion of angular momentum during planning for capture point based walking}},
    year = {2018},
    journal = {Proceedings - IEEE International Conference on Robotics and Automation},
    author = {Seyde, Tim and Shrivastava, Apoorv and Englsberger, Johannes and Bertrand, Sylvain and Pratt, Jerry and Griffin, Robert J.},
    month = {9},
    pages = {1791--1798},
    publisher = {Institute of Electrical and Electronics Engineers Inc.},
    isbn = {9781538630815},
    doi = {10.1109/ICRA.2018.8461140},
    issn = {10504729}
}

@misc{IEC61158-12019IndustrialSeries,
    title = {{Industrial communication networks - Fieldbus specifications - Part 1: Overview and guidance for the IEC 61158 and IEC 61784 series}},
    year = {2019},
    author = {{IEC 61158-1}},
    month = {4}
}

@inproceedings{Scianca2016IntrinsicallyGeneration,
    title = {{Intrinsically stable MPC for humanoid gait generation}},
    year = {2016},
    booktitle = {2016 IEEE-RAS 16th International Conference on Humanoid Robots (Humanoids)},
    author = {Scianca, Nicola and Cognetti, Marco and De Simone, Daniele and Lanari, Leonardo and Oriolo, Giuseppe},
    month = {11},
    pages = {601--606},
    publisher = {IEEE},
    isbn = {978-1-5090-4718-5},
    doi = {10.1109/HUMANOIDS.2016.7803336}
}

@book{Kajita2014IntroductionRobotics,
    title = {{Introduction to Humanoid Robotics}},
    year = {2014},
    author = {Kajita, Shuuji and Hirukawa, Hirohisa and Harada, Kensuke and Yokoi, Kazuhito},
    volume = {101},
    publisher = {Springer Berlin Heidelberg},
    address = {Berlin, Heidelberg},
    isbn = {978-3-642-54535-1},
    doi = {10.1007/978-3-642-54536-8}
}

@article{Gazar2021JerkFeedback,
    title = {{Jerk Control of Floating Base Systems With Contact-Stable Parameterized Force Feedback}},
    year = {2021},
    journal = {IEEE Transactions on Robotics},
    author = {Gazar, Ahmad and Nava, Gabriele and Chavez, Francisco Javier Andrade and Pucci, Daniele},
    number = {1},
    month = {2},
    pages = {1--15},
    volume = {37},
    doi = {10.1109/TRO.2020.3005547},
    issn = {1552-3098}
}

@article{Kanoun2011KinematicTask,
    title = {{Kinematic Control of Redundant Manipulators: Generalizing the Task-Priority Framework to Inequality Task}},
    year = {2011},
    journal = {IEEE Transactions on Robotics},
    author = {Kanoun, Oussama and Lamiraux, Florent and Wieber, Pierre-Brice},
    number = {4},
    month = {8},
    pages = {785--792},
    volume = {27},
    doi = {10.1109/TRO.2011.2142450},
    issn = {1552-3098}
}

@inproceedings{Li1998LearningTrunk,
    title = {{Learning control for a biped walking robot with a trunk}},
    year = {1998},
    booktitle = {Proceedings of 1993 IEEE/RSJ International Conference on Intelligent Robots and Systems (IROS '93)},
    author = {Li, Q. and Takanishi, A. and Kato, I.},
    pages = {1771--1777},
    publisher = {IEEE},
    isbn = {0-7803-0823-9},
    doi = {10.1109/IROS.1993.583876}
}

@techreport{Diehl2016LectureOptimization,
    title = {{Lecture Notes on Numerical Optimization}},
    year = {2016},
    author = {Diehl, Moritz}
}

@article{Michaelis1980LieCoalgebras,
    title = {{Lie coalgebras}},
    year = {1980},
    journal = {Advances in Mathematics},
    author = {Michaelis, Walter},
    number = {1},
    month = {10},
    pages = {1--54},
    volume = {38},
    doi = {10.1016/0001-8708(80)90056-0},
    issn = {00018708}
}

@incollection{Hajikarimi2021MechanicalViscoelasticity,
    title = {{Mechanical models of viscoelasticity}},
    year = {2021},
    booktitle = {Applications of Viscoelasticity},
    author = {Hajikarimi, Pouria and Moghadas Nejad, Fereidoon},
    pages = {27--61},
    publisher = {Elsevier},
    doi = {10.1016/B978-0-12-821210-3.00003-6}
}

@article{Zefran1999MetricsKinematics,
    title = {{Metrics and Connections for Rigid-Body Kinematics}},
    year = {1999},
    journal = {The International Journal of Robotics Research},
    author = {{\v{Z}}efran, Miloš and Kumar, Vijay and Croke, Christopher},
    number = {2},
    month = {2},
    pages = {242--1},
    volume = {18},
    doi = {10.1177/027836499901800208},
    issn = {0278-3649}
}

@inproceedings{Liu2017Minimum-jerkActuator,
    title = {{Minimum-jerk trajectory generation and global optimal control for permanent magnet spherical actuator}},
    year = {2017},
    booktitle = {2017 IEEE International Conference on Robotics and Biomimetics (ROBIO)},
    author = {Liu, Jingmeng and Cai, Shaoxiong and Chen, Weihai and Chen, I-Ming},
    month = {12},
    pages = {2249--2254},
    publisher = {IEEE},
    isbn = {978-1-5386-3742-5},
    doi = {10.1109/ROBIO.2017.8324753}
}

@article{Garcia1989ModelSurvey,
    title = {{Model predictive control: Theory and practice—A survey}},
    year = {1989},
    journal = {Automatica},
    author = {Garc{\'{i}}a, Carlos E. and Prett, David M. and Morari, Manfred},
    number = {3},
    month = {5},
    pages = {335--348},
    volume = {25},
    doi = {10.1016/0005-1098(89)90002-2},
    issn = {00051098}
}

@incollection{Camacho2007ModelControllers,
    title = {{Model Predictive Controllers}},
    year = {2007},
    booktitle = {Advanced Textbooks in Control and Signal Processing},
    author = {Camacho, E. F. and Bordons, C.},
    number = {9781852336943},
    pages = {13--30},
    publisher = {Springer International Publishing},
    url = {http://link.springer.com/10.1007/978-0-85729-398-5_2},
    doi = {10.1007/978-0-85729-398-5{\_}2},
    keywords = {Coincidence point, Model predictive control, Reference trajectory, State space formulation, State space model}
}

@article{Rapetti2020Model-BasedKinematics,
    title = {{Model-Based Real-Time Motion Tracking Using Dynamical Inverse Kinematics}},
    year = {2020},
    journal = {Algorithms},
    author = {Rapetti, Lorenzo and Tirupachuri, Yeshasvi and Darvish, Kourosh and Dafarra, Stefano and Nava, Gabriele and Latella, Claudia and Pucci, Daniele},
    number = {10},
    month = {10},
    pages = {266},
    volume = {13},
    doi = {10.3390/a13100266},
    issn = {1999-4893}
}

@article{Yoshikawa2002ModelingJoints,
    title = {{Modeling of flexible manipulators using virtual rigid links and passive joints}},
    year = {2002},
    author = {Yoshikawa, T. and Hosoda, K.},
    month = {12},
    pages = {967--972},
    publisher = {Institute of Electrical and Electronics Engineers (IEEE)},
    doi = {10.1109/IROS.1991.174614}
}

@article{Romualdi2021ModelingControl,
    title = {{Modeling of Visco-Elastic Environments for Humanoid Robot Motion Control}},
    year = {2021},
    journal = {IEEE Robotics and Automation Letters},
    author = {Romualdi, Giulio and Dafarra, Stefano and Pucci, Daniele},
    number = {3},
    month = {7},
    pages = {4289--4296},
    volume = {6},
    publisher = {Institute of Electrical and Electronics Engineers Inc.},
    doi = {10.1109/LRA.2021.3067589},
    keywords = {Contact modeling, humanoid and bipedal locomotion, humanoid robot systems, whole-body motion planning and control}
}

@phdthesis{Traversaro2017ModellingDynamics,
    title = {{Modelling, Estimation and Identification of Humanoid Robots Dynamics}},
    year = {2017},
    author = {Traversaro, Silvio}
}

@book{Dubrovin1984ModernApplications,
    title = {{Modern Geometry — Methods and Applications}},
    year = {1984},
    author = {Dubrovin, B. A. and Fomenko, A. T. and Novikov, S. P.},
    volume = {93},
    publisher = {Springer New York},
    address = {New York, NY},
    isbn = {978-1-4684-9948-3},
    doi = {10.1007/978-1-4684-9946-9}
}

@book{Lynch2017ModernControl,
    title = {{Modern Robotics: Mechanics, Planning, and Control}},
    year = {2017},
    author = {Lynch, Kevin M. and Park, Frank C.},
    edition = {1st},
    publisher = {Cambridge University Press},
    address = {40 W. 20 St. New York, NYUnited States},
    isbn = {978-1107156302}
}

@article{Nava2017MomentumActuators,
    title = {{Momentum control of humanoid robots with series elastic actuators}},
    year = {2017},
    journal = {IEEE International Conference on Intelligent Robots and Systems},
    author = {Nava, Gabriele and Pucci, Daniele and Nori, Francesco},
    month = {12},
    pages = {2185--2191},
    volume = {2017-September},
    publisher = {Institute of Electrical and Electronics Engineers Inc.},
    isbn = {9781538626825},
    doi = {10.1109/IROS.2017.8206037},
    issn = {21530866},
    arxivId = {1703.01882}
}

@article{Scianca2020MPCFeasibility,
    title = {{MPC for Humanoid Gait Generation: Stability and Feasibility}},
    year = {2020},
    journal = {IEEE Transactions on Robotics},
    author = {Scianca, Nicola and De Simone, Daniele and Lanari, Leonardo and Oriolo, Giuseppe},
    number = {4},
    month = {8},
    pages = {1171--1188},
    volume = {36},
    doi = {10.1109/TRO.2019.2958483},
    issn = {1552-3098}
}

@article{Caron2016Multi-contactAccelerations,
    title = {{Multi-contact Walking Pattern Generation based on Model Preview Control of 3D COM Accelerations}},
    year = {2016},
    author = {Caron, Stéphane and Kheddar, Abderrahmane and Kheddar Multi, Abderrahmane},
    pages = {550--557},
    url = {http://www.comanoid.eu/,},
    doi = {10.1109/HUMANOIDS.2016.7803329{\"{i}}}
}

@inproceedings{Arakawa1997NaturalLayers,
    title = {{Natural motion generation of biped locomotion robot using hierarchical trajectory generation method consisting of GA, EP layers}},
    year = {1997},
    booktitle = {Proceedings of International Conference on Robotics and Automation},
    author = {Arakawa, T. and Fukuda, T.},
    pages = {211--216},
    publisher = {IEEE},
    isbn = {0-7803-3612-7},
    doi = {10.1109/ROBOT.1997.620040}
}

@book{Chachuat2007NonlinearPractice,
    title = {{Nonlinear and Dynamic Optimization: From Theory to Practice}},
    year = {2007},
    author = {Chachuat, Benoit}
}

@article{Allgower1999NonlinearOverview,
    title = {{Nonlinear Predictive Control and Moving Horizon Estimation — An Introductory Overview}},
    year = {1999},
    journal = {Advances in Control},
    author = {Allg{\"{o}}wer, F. and Badgwell, T. A. and Qin, J. S. and Rawlings, J. B. and Wright, S. J.},
    pages = {391--449},
    publisher = {Springer, London},
    url = {https://link.springer.com/chapter/10.1007/978-1-4471-0853-5_19},
    doi = {10.1007/978-1-4471-0853-5{\_}19}
}

@article{Biral2016NotesProblems,
    title = {{Notes on Numerical Methods for Solving Optimal Control Problems}},
    year = {2016},
    journal = {IEEJ Journal of Industry Applications},
    author = {Biral, Francesco and Bertolazzi, Enrico and Bosetti, Paolo},
    number = {2},
    pages = {154--166},
    volume = {5},
    doi = {10.1541/ieejjia.5.154},
    issn = {2187-1094}
}

@article{Gross2016OnOptimality,
    title = {{On the Bellman’s principle of optimality}},
    year = {2016},
    journal = {Physica A: Statistical Mechanics and its Applications},
    author = {Gross, Eitan},
    month = {11},
    pages = {217--221},
    volume = {462},
    publisher = {North-Holland},
    doi = {10.1016/J.PHYSA.2016.06.083},
    issn = {0378-4371},
    keywords = {Dynamic programming, Markov decision processes, Principle of optimality}
}

@article{Zefran1998OnMotions,
    title = {{On the generation of smooth three-dimensional rigid body motions}},
    year = {1998},
    journal = {IEEE Transactions on Robotics and Automation},
    author = {{\v{Z}}efran, Miloš and Kumar, V. and Croke, C.B.},
    number = {4},
    pages = {576--589},
    volume = {14},
    doi = {10.1109/70.704225},
    issn = {1042296X}
}

@article{Bellman1952OnProgramming,
    title = {{On the Theory of Dynamic Programming}},
    year = {1952},
    journal = {Proceedings of the National Academy of Sciences},
    author = {Bellman, Richard},
    number = {8},
    month = {8},
    pages = {716--719},
    volume = {38},
    doi = {10.1073/pnas.38.8.716},
    issn = {0027-8424}
}

@inproceedings{Colman2006OnDiscontinuities,
    title = {{On the Use of RLS with Covariance Reset in Tracking Scenarios with Discontinuities}},
    year = {2006},
    booktitle = {2006 Canadian Conference on Electrical and Computer Engineering},
    author = {Colman, Geoffrey and Wells, Jeffery},
    pages = {693--696},
    publisher = {IEEE},
    isbn = {1-4244-0038-4},
    doi = {10.1109/CCECE.2006.277663}
}

@article{Elobaid2019OnSampling,
    title = {{On unconstrained MPC through multirate sampling}},
    year = {2019},
    journal = {IFAC-PapersOnLine},
    author = {Elobaid, Mohamed and Mattioni, Mattia and Monaco, Salvatore and Normand-Cyrot, Dorothée},
    number = {16},
    pages = {388--393},
    volume = {52},
    doi = {10.1016/j.ifacol.2019.11.811},
    issn = {24058963}
}

@article{Forster2017On-ManifoldOdometry,
    title = {{On-Manifold Preintegration for Real-Time Visual-Inertial Odometry}},
    year = {2017},
    journal = {IEEE Transactions on Robotics},
    author = {Forster, Christian and Carlone, Luca and Dellaert, Frank and Scaramuzza, Davide},
    number = {1},
    month = {2},
    pages = {1--21},
    volume = {33},
    publisher = {Institute of Electrical and Electronics Engineers Inc.},
    doi = {10.1109/TRO.2016.2597321},
    issn = {15523098},
    arxivId = {1512.02363},
    keywords = {Computer vision, sensor fusion, visual-inertial odometry (VIO)}
}

@inproceedings{Mesesan2021OnlineLocomotion,
    title = {{Online DCM Trajectory Adaptation for Push and Stumble Recovery during Humanoid Locomotion}},
    year = {2021},
    booktitle = {2021 IEEE International Conference on Robotics and Automation (ICRA)},
    author = {Mesesan, George and Englsberger, Johannes and Ott, Christian},
    month = {5},
    pages = {12780--12786},
    publisher = {IEEE},
    isbn = {978-1-7281-9077-8},
    doi = {10.1109/ICRA48506.2021.9560808}
}

@article{Shafiee2019OnlineRobots,
    title = {{Online dcm trajectory generation for push recovery of torque-controlled humanoid robots}},
    year = {2019},
    journal = {IEEE-RAS International Conference on Humanoid Robots},
    author = {Shafiee, Milad and Romualdi, Giulio and Dafarra, Stefano and Chavez, Francisco Javier Andrade and Pucci, Daniele},
    month = {10},
    pages = {671--678},
    volume = {2019-October},
    publisher = {IEEE Computer Society},
    doi = {10.1109/HUMANOIDS43949.2019.9034996}
}

@inproceedings{Romualdi2022OnlineAdjustment,
    title = {{Online Non-linear Centroidal MPC for Humanoid Robot Locomotion with Step Adjustment}},
    year = {2022},
    booktitle = {2022 International Conference on Robotics and Automation (ICRA)},
    author = {Romualdi, Giulio and Dafarra, Stefano and L'Erario, Giuseppe and Sorrentino, Ines and Traversaro, Silvio and Pucci, Daniele},
    month = {5},
    pages = {10412--10419},
    publisher = {IEEE},
    url = {https://ieeexplore.ieee.org/document/9811670/},
    isbn = {978-1-7281-9681-7},
    doi = {10.1109/ICRA46639.2022.9811670}
}

@article{Tawiah2021OptimalProgramming,
    title = {{Optimal control of nonlinear systems with dynamic programming}},
    year = {2021},
    journal = {International Journal of Nonlinear Sciences and Numerical Simulation},
    author = {Tawiah, Isaac and Song, Yinglei},
    number = {2},
    month = {4},
    pages = {145--168},
    volume = {22},
    doi = {10.1515/ijnsns-2017-0182},
    issn = {1565-1339}
}

@book{Naidu2018OptimalSystems,
    title = {{Optimal Control Systems}},
    year = {2018},
    author = {Naidu, Desineni Subbaram},
    month = {10},
    publisher = {CRC Press},
    isbn = {9781315214429},
    doi = {10.1201/9781315214429}
}

@incollection{Todorov2006OptimalTheory,
    title = {{Optimal Control Theory}},
    year = {2006},
    booktitle = {Bayesian Brain},
    author = {Todorov, Emanuel},
    month = {12},
    pages = {268--298},
    publisher = {The MIT Press},
    doi = {10.7551/mitpress/9780262042383.003.0012}
}

@article{Englsberger2015OverviewTORO,
    title = {{Overview of the torque-controlled humanoid robot TORO}},
    year = {2015},
    journal = {IEEE-RAS International Conference on Humanoid Robots},
    author = {Englsberger, Johannes and Werner, Alexander and Ott, Christian and Henze, Bernd and Roa, Maximo A. and Garofalo, Gianluca and Burger, Robert and Beyer, Alexander and Eiberger, Oliver and Schmid, Korbinian and Albu-Sch{\"{a}}ffer, Alin},
    month = {2},
    pages = {916--923},
    volume = {2015-February},
    publisher = {IEEE Computer Society},
    isbn = {9781479971749},
    doi = {10.1109/HUMANOIDS.2014.7041473},
    issn = {21640580}
}

@article{Ramuzat2022PassiveMulti-Contact,
    title = {{Passive Inverse Dynamics Control Using a Global Energy Tank for Torque-Controlled Humanoid Robots in Multi-Contact}},
    year = {2022},
    journal = {IEEE Robotics and Automation Letters},
    author = {Ramuzat, N. and Boria, S. and Stasse, O.},
    number = {2},
    month = {4},
    pages = {2787--2794},
    volume = {7},
    doi = {10.1109/LRA.2022.3144767},
    issn = {2377-3766}
}

@article{Fahmi2019PassiveTerrain,
    title = {{Passive Whole-Body Control for Quadruped Robots: Experimental Validation Over Challenging Terrain}},
    year = {2019},
    journal = {IEEE Robotics and Automation Letters},
    author = {Fahmi, Shamel and Mastalli, Carlos and Focchi, Michele and Semini, Claudio},
    number = {3},
    month = {7},
    pages = {2553--2560},
    volume = {4},
    doi = {10.1109/LRA.2019.2908502},
    issn = {2377-3766}
}

@book{Borrelli2017PredictiveSystems,
    title = {{Predictive Control for Linear and Hybrid Systems}},
    year = {2017},
    author = {Borrelli, Francesco and Bemporad, Alberto and Morari, Manfred},
    month = {6},
    publisher = {Cambridge University Press},
    isbn = {9781107016880},
    doi = {10.1017/9781139061759}
}

@inproceedings{Stephens2010PushJoints,
    title = {{Push Recovery by stepping for humanoid robots with force controlled joints}},
    year = {2010},
    booktitle = {2010 10th IEEE-RAS International Conference on Humanoid Robots},
    author = {Stephens, Benjamin J. and Atkeson, Christopher G.},
    month = {12},
    pages = {52--59},
    publisher = {IEEE},
    isbn = {978-1-4244-8688-5},
    doi = {10.1109/ICHR.2010.5686288}
}

@inproceedings{Shafiee-Ashtiani2017PushControl,
    title = {{Push Recovery of a Position-Controlled Humanoid Robot Based on Capture Point Feedback Control}},
    year = {2017},
    booktitle = {2017 5th RSI International Conference on Robotics and Mechatronics (ICRoM)},
    author = {Shafiee-Ashtiani, Milad and Yousefi-Koma, Aghil and Mirjalili, Reihaneh and Maleki, Hessam and Karimi, Mojtaba},
    month = {10},
    pages = {126--131},
    publisher = {IEEE},
    url = {https://ieeexplore.ieee.org/document/8466226/},
    isbn = {978-1-5386-5703-4},
    doi = {10.1109/ICRoM.2017.8466226},
    arxivId = {1710.10598}
}

@inproceedings{Khudher2016QuadraticConstraints,
    title = {{Quadratic programming for inverse kinematics control of a hexapod robot with inequality constraints}},
    year = {2016},
    booktitle = {2016 International Conference on Robotics: Current Trends and Future Challenges (RCTFC)},
    author = {Khudher, Dhayaa and Powell, Roger},
    pages = {1--5},
    publisher = {IEEE},
    isbn = {978-1-5090-3342-3},
    doi = {10.1109/RCTFC.2016.7893402}
}

@inproceedings{Takenaka2009RealGeneration-,
    title = {{Real time motion generation and control for biped robot -1<sup>st</sup> report: Walking gait pattern generation-}},
    year = {2009},
    booktitle = {2009 IEEE/RSJ International Conference on Intelligent Robots and Systems},
    author = {Takenaka, Toru and Matsumoto, Takashi and Yoshiike, Takahide},
    month = {10},
    pages = {1084--1091},
    publisher = {IEEE},
    isbn = {978-1-4244-3803-7},
    doi = {10.1109/IROS.2009.5354662}
}

@article{Sayahkarajy2016ReviewManipulators:,
    title = {{Review of modelling and control of flexible-link manipulators:}},
    year = {2016},
    journal = {http://dx.doi.org/10.1177/0959651816642099},
    author = {Sayahkarajy, Mostafa and Mohamed, Z. and Mohd Faudzi, Ahmad Athif},
    number = {8},
    month = {4},
    pages = {861--873},
    volume = {230},
    publisher = {SAGE PublicationsSage UK: London, England},
    url = {https://journals.sagepub.com/doi/10.1177/0959651816642099},
    doi = {10.1177/0959651816642099},
    issn = {20413041},
    keywords = {Multi-link flexible manipulators, elastic-link serial manipulators, modelling and control, review}
}

@article{Dreyfus2002RichardProgramming,
    title = {{Richard Bellman on the Birth of Dynamic Programming}},
    year = {2002},
    journal = {Operations Research},
    author = {Dreyfus, Stuart},
    number = {1},
    month = {2},
    pages = {48--51},
    volume = {50},
    doi = {10.1287/opre.50.1.48.17791},
    issn = {0030-364X}
}

@article{Theodore2003RobustManipulators,
    title = {{Robust control of multilink flexible manipulators}},
    year = {2003},
    journal = {Mechanism and Machine Theory},
    author = {Theodore, Rex J. and Ghosal, Ashitava},
    number = {4},
    month = {4},
    pages = {367--377},
    volume = {38},
    publisher = {Pergamon},
    doi = {10.1016/S0094-114X(02)00125-8},
    issn = {0094-114X},
    keywords = {Control, Flexible, Manipulators, Robustness}
}

@inproceedings{Feng2016RobustOptimization,
    title = {{Robust dynamic walking using online foot step optimization}},
    year = {2016},
    booktitle = {2016 IEEE/RSJ International Conference on Intelligent Robots and Systems (IROS)},
    author = {Feng, Siyuan and Xinjilefu, X and Atkeson, Christopher G. and Kim, Joohyung},
    month = {10},
    pages = {5373--5378},
    volume = {2016-November},
    publisher = {IEEE},
    url = {http://ieeexplore.ieee.org/document/7759790/},
    isbn = {978-1-5090-3762-9},
    doi = {10.1109/IROS.2016.7759790}
}

@article{Elobaid2020Sampled-dataPlanning,
    title = {{Sampled-data tracking under model predictive control and multi-rate planning}},
    year = {2020},
    journal = {IFAC-PapersOnLine},
    author = {Elobaid, Mohamed and Mattioni, Mattia and Monaco, Salvatore and Normand-Cyrot, Dorothée},
    number = {2},
    pages = {3620--3625},
    volume = {53},
    doi = {10.1016/j.ifacol.2020.12.2043},
    issn = {24058963}
}

@article{Buss2005SelectivelyKinematics,
    title = {{Selectively Damped Least Squares for Inverse Kinematics}},
    year = {2005},
    journal = {Journal of Graphics Tools},
    author = {Buss, Samuel R. and Kim, Jin-Su},
    number = {3},
    month = {1},
    pages = {37--49},
    volume = {10},
    doi = {10.1080/2151237X.2005.10129202},
    issn = {1086-7651}
}

@inproceedings{Guedelha2016Self-calibrationMeasurements,
    title = {{Self-calibration of joint offsets for humanoid robots using accelerometer measurements}},
    year = {2016},
    booktitle = {2016 IEEE-RAS 16th International Conference on Humanoid Robots (Humanoids)},
    author = {Guedelha, Nuno and Kuppuswamy, Naveen and Traversaro, Silvio and Nori, Francesco},
    month = {11},
    pages = {1233--1238},
    publisher = {IEEE},
    url = {http://ieeexplore.ieee.org/document/7803427/},
    isbn = {978-1-5090-4718-5},
    doi = {10.1109/HUMANOIDS.2016.7803427},
    issn = {21640580}
}

@inproceedings{Kamioka2018SimultaneousMotion,
    title = {{Simultaneous Optimization of ZMP and Footsteps Based on the Analytical Solution of Divergent Component of Motion}},
    year = {2018},
    booktitle = {2018 IEEE International Conference on Robotics and Automation (ICRA)},
    author = {Kamioka, Takumi and Kaneko, Hiroyuki and Takenaka, Toru and Yoshiike, Takahide},
    month = {5},
    pages = {1763--1770},
    publisher = {IEEE},
    isbn = {978-1-5386-3081-5},
    doi = {10.1109/ICRA.2018.8460572}
}

@article{Park1997SmoothRotations,
    title = {{Smooth invariant interpolation of rotations}},
    year = {1997},
    journal = {ACM Transactions on Graphics},
    author = {Park, F. C. and Ravani, Bahram},
    number = {3},
    month = {7},
    pages = {277--295},
    volume = {16},
    doi = {10.1145/256157.256160},
    issn = {0730-0301}
}

@article{Caron2015StabilityAreas,
    title = {{Stability of surface contacts for humanoid robots: Closed-form formulae of the Contact Wrench Cone for rectangular support areas}},
    year = {2015},
    journal = {Proceedings - IEEE International Conference on Robotics and Automation},
    author = {Caron, Stephane and Pham, Quang Cuong and Nakamura, Yoshihiko},
    number = {June},
    month = {6},
    pages = {5107--5112},
    volume = {2015-June},
    publisher = {Institute of Electrical and Electronics Engineers Inc.},
    doi = {10.1109/ICRA.2015.7139910}
}

@article{Fahmi2020STANCE:Terrain,
    title = {{STANCE: Locomotion Adaptation Over Soft Terrain}},
    year = {2020},
    journal = {IEEE Transactions on Robotics},
    author = {Fahmi, Shamel and Focchi, Michele and Radulescu, Andreea and Fink, Geoff and Barasuol, Victor and Semini, Claudio},
    number = {2},
    month = {4},
    pages = {443--457},
    volume = {36},
    doi = {10.1109/TRO.2019.2954670},
    issn = {1552-3098}
}

@book{Hayes1996StatisticalModeling,
    title = {{Statistical Digital Signal Processing and Modeling}},
    year = {1996},
    author = {Hayes, Monson H},
    edition = {1st},
    publisher = {John Wiley {\&} Sons, Inc},
    address = {605 Third Ave. New York, NYUnited States},
    isbn = {0471594318}
}

@inproceedings{Khadiv2016StepGaits,
    title = {{Step timing adjustment: A step toward generating robust gaits}},
    year = {2016},
    booktitle = {2016 IEEE-RAS 16th International Conference on Humanoid Robots (Humanoids)},
    author = {Khadiv, Majid and Herzog, Alexander and Moosavian, S. Ali. A. and Righetti, Ludovic},
    month = {11},
    pages = {35--42},
    publisher = {IEEE},
    url = {http://ieeexplore.ieee.org/document/7803251/},
    isbn = {978-1-5090-4718-5},
    doi = {10.1109/HUMANOIDS.2016.7803251}
}

@article{Bertolazzi2005SymbolicNumericSystems,
    title = {{Symbolic–Numeric Indirect Method for Solving Optimal Control Problems for Large Multibody Systems}},
    year = {2005},
    journal = {Multibody System Dynamics},
    author = {Bertolazzi, E. and Biral, F. and Da Lio, M.},
    number = {2},
    month = {3},
    pages = {233--252},
    volume = {13},
    doi = {10.1007/s11044-005-3987-4},
    issn = {1384-5640}
}

@article{Stasse2017TALOS:Applications,
    title = {{TALOS: A new humanoid research platform targeted for industrial applications}},
    year = {2017},
    journal = {IEEE-RAS International Conference on Humanoid Robots},
    author = {Stasse, O. and Flayols, T. and Budhiraja, R. and Giraud-Esclasse, K. and Carpentier, J. and Mirabel, J. and Del Prete, A. and Soueres, P. and Mansard, N. and Lamiraux, F. and Laumond, J. P. and Marchionni, L. and Tome, H. and Ferro, F.},
    month = {12},
    pages = {689--695},
    publisher = {IEEE Computer Society},
    isbn = {9781538646786},
    doi = {10.1109/HUMANOIDS.2017.8246947},
    issn = {21640580}
}

@article{Johnson2015TeamTrials,
    title = {{Team IHMC's Lessons Learned from the DARPA Robotics Challenge Trials}},
    year = {2015},
    journal = {Journal of Field Robotics},
    author = {Johnson, Matthew and Shrewsbury, Brandon and Bertrand, Sylvain and Wu, Tingfan and Duran, Daniel and Floyd, Marshall and Abeles, Peter and Stephen, Douglas and Mertins, Nathan and Lesman, Alex and Carff, John and Rifenburgh, William and Kaveti, Pushyami and Straatman, Wessel and Smith, Jesper and Griffioen, Maarten and Layton, Brooke and de Boer, Tomas and Koolen, Twan and Neuhaus, Peter and Pratt, Jerry},
    number = {2},
    month = {3},
    pages = {192--208},
    volume = {32},
    doi = {10.1002/rob.21571},
    issn = {15564959}
}

@incollection{Elobaid2020TelexistenceRobots,
    title = {{Telexistence and Teleoperation for Walking Humanoid Robots}},
    year = {2020},
    author = {Elobaid, Mohamed and Hu, Yue and Romualdi, Giulio and Dafarra, Stefano and Babic, Jan and Pucci, Daniele},
    pages = {1106--1121},
    doi = {10.1007/978-3-030-29513-4{\_}80}
}

@book{Spenko2018TheRescue,
    title = {{The DARPA Robotics Challenge Finals: Humanoid Robots To The Rescue}},
    year = {2018},
    author = {Spenko, Matthew and Buerger, Stephen and Iagnemma, Karl},
    editor = {Spenko, Matthew and Buerger, Stephen and Iagnemma, Karl},
    series = {Springer Tracts in Advanced Robotics},
    volume = {121},
    publisher = {Springer International Publishing},
    url = {http://link.springer.com/10.1007/978-3-319-74666-1},
    address = {Cham},
    isbn = {978-3-319-74665-4},
    doi = {10.1007/978-3-319-74666-1}
}

@inproceedings{Hirai1998TheRobot,
    title = {{The development of Honda humanoid robot}},
    year = {1998},
    booktitle = {Proceedings. 1998 IEEE International Conference on Robotics and Automation (Cat. No.98CH36146)},
    author = {Hirai, K. and Hirose, M. and Haikawa, Y. and Takenaka, T.},
    pages = {1321--1326},
    publisher = {IEEE},
    isbn = {0-7803-4300-X},
    doi = {10.1109/ROBOT.1998.677288}
}

@article{Motzkin1953TheMethod,
    title = {{The double description method}},
    year = {1953},
    journal = {Contributions to the Theory of Games},
    author = {Motzkin, T S and Raiffa, H and Thompson, G L and Thrall, R M},
    number = {28},
    pages = {51--73},
    volume = {2}
}

@article{Shih1996TheFreedom,
    title = {{The Dynamics and Control of a Biped Walking Robot With Seven Degrees of Freedom}},
    year = {1996},
    journal = {Journal of Dynamic Systems, Measurement, and Control},
    author = {Shih, Ching-Long},
    number = {4},
    month = {12},
    pages = {683--690},
    volume = {118},
    doi = {10.1115/1.2802343},
    issn = {0022-0434}
}

@article{Pontriagin1962TheProcesses,
    title = {{The mathematical theory of optimal processes}},
    year = {1962},
    author = {Pontri︠a︡gin, L. S. (Lev Semenovich)},
    pages = {360},
    publisher = {Wiley-Interscience},
    url = {https://books.google.com/books/about/The_Mathematical_Theory_of_Optimal_Proce.html?hl=it&id=ntNSAAAAMAAJ},
    isbn = {0470693819}
}

@article{Poulakakis2009TheHopper,
    title = {{The Spring Loaded Inverted Pendulum as the Hybrid Zero Dynamics of an Asymmetric Hopper}},
    year = {2009},
    journal = {IEEE Transactions on Automatic Control},
    author = {Poulakakis, I. and Grizzle, J.W.},
    number = {8},
    month = {8},
    pages = {1779--1793},
    volume = {54},
    doi = {10.1109/TAC.2009.2024565},
    issn = {0018-9286}
}

@inproceedings{Villa2022TorqueFlexibility,
    title = {{Torque Controlled Locomotion of a Biped Robot with Link Flexibility}},
    year = {2022},
    booktitle = {IEEE-RAS International Conference on Humanoid Robots (Humanoids) [Submitted]},
    author = {Villa, Nahuel A. and Fernbach, Pierre and Naveau, Maximilien and Saurel, Guilhem and Dantec, Ewen and Mansard, Nicolas and Stasse, Olivier},
    publisher = {IEEE}
}

@inproceedings{Dafarra2016Torque-controlledRobot,
    title = {{Torque-controlled stepping-strategy push recovery: Design and implementation on the iCub humanoid robot}},
    year = {2016},
    booktitle = {2016 IEEE-RAS 16th International Conference on Humanoid Robots (Humanoids)},
    author = {Dafarra, Stefano and Romano, Francesco and Nori, Francesco},
    month = {11},
    pages = {152--157},
    publisher = {IEEE},
    isbn = {978-1-5090-4718-5},
    doi = {10.1109/HUMANOIDS.2016.7803271}
}

@incollection{Tirupachuri2020TowardsInteractions,
    title = {{Towards Partner-Aware Humanoid Robot Control Under Physical Interactions}},
    year = {2020},
    author = {Tirupachuri, Yeshasvi and Nava, Gabriele and Latella, Claudia and Ferigo, Diego and Rapetti, Lorenzo and Tagliapietra, Luca and Nori, Francesco and Pucci, Daniele},
    pages = {1073--1092},
    doi = {10.1007/978-3-030-29513-4{\_}78}
}

@inproceedings{Herzog2015TrajectoryControl,
    title = {{Trajectory generation for multi-contact momentum control}},
    year = {2015},
    booktitle = {2015 IEEE-RAS 15th International Conference on Humanoid Robots (Humanoids)},
    author = {Herzog, Alexander and Rotella, Nicholas and Schaal, Stefan and Righetti, Ludovic},
    month = {11},
    pages = {874--880},
    volume = {2015-Decem},
    publisher = {IEEE},
    url = {http://ieeexplore.ieee.org/document/7363464/},
    isbn = {978-1-4799-6885-5},
    doi = {10.1109/HUMANOIDS.2015.7363464},
    keywords = {Computational modeling, Dynamics, Force, Optimal control, Optimization, Robots, Trajectory}
}

@article{Leng2020UniversalProgramming,
    title = {{Universal Walking Control Framework of Biped Robot Based on Dynamic Model and Quadratic Programming}},
    year = {2020},
    journal = {Complexity},
    author = {Leng, Xiaokun and Piao, Songhao and Chang, Lin and He, Zhicheng and Zhu, Zheng},
    month = {10},
    pages = {1--13},
    volume = {2020},
    doi = {10.1155/2020/2789039},
    issn = {1099-0526}
}

@article{Howe1983VeryTheory,
    title = {{Very Basic Lie Theory}},
    year = {1983},
    journal = {The American Mathematical Monthly},
    author = {Howe, Roger},
    number = {9},
    month = {11},
    pages = {600--623},
    volume = {90},
    doi = {10.1080/00029890.1983.11971294},
    issn = {0002-9890}
}

@book{Needham2021VisualForms,
    title = {{Visual Differential Geometry and Forms}},
    year = {2021},
    author = {Needham, Tristan},
    month = {12},
    publisher = {Princeton University Press},
    isbn = {9780691219899},
    doi = {10.1515/9780691219899}
}

@article{Griffin2017WalkingAtlas,
    title = {{Walking stabilization using step timing and location adjustment on the humanoid robot, Atlas}},
    year = {2017},
    journal = {IEEE International Conference on Intelligent Robots and Systems},
    author = {Griffin, Robert J. and Wiedebach, Georg and Bertrand, Sylvain and Leonessa, Alexander and Pratt, Jerry},
    month = {12},
    pages = {667--673},
    volume = {2017-September},
    publisher = {Institute of Electrical and Electronics Engineers Inc.},
    doi = {10.1109/IROS.2017.8202223}
}

@inproceedings{Dantec2021WholeTalos,
    title = {{Whole Body Model Predictive Control with a Memory of Motion: Experiments on a Torque-Controlled Talos}},
    year = {2021},
    booktitle = {2021 IEEE International Conference on Robotics and Automation (ICRA)},
    author = {Dantec, Ewen and Budhiraja, Rohan and Roig, Adria and Lembono, Teguh and Saurel, Guilhem and Stasse, Olivier and Fernbach, Pierre and Tonneau, Steve and Vijayakumar, Sethu and Calinon, Sylvain and Taix, Michel and Mansard, Nicolas},
    month = {5},
    pages = {8202--8208},
    publisher = {IEEE},
    isbn = {978-1-7281-9077-8},
    doi = {10.1109/ICRA48506.2021.9560742}
}

@inproceedings{Dean-Leon2019Whole-BodySkin,
    title = {{Whole-Body Active Compliance Control for Humanoid Robots with Robot Skin}},
    year = {2019},
    booktitle = {2019 International Conference on Robotics and Automation (ICRA)},
    author = {Dean-Leon, Emmanuel and Guadarrama-Olvera, J. Rogelio and Bergner, Florian and Cheng, Gordon},
    month = {5},
    pages = {5404--5410},
    publisher = {IEEE},
    isbn = {978-1-5386-6027-0},
    doi = {10.1109/ICRA.2019.8793258}
}

@inproceedings{Darvish2019Whole-BodyRobots,
    title = {{Whole-Body Geometric Retargeting for Humanoid Robots}},
    year = {2019},
    booktitle = {2019 IEEE-RAS 19th International Conference on Humanoid Robots (Humanoids)},
    author = {Darvish, Kourosh and Tirupachuri, Yeshasvi and Romualdi, Giulio and Rapetti, Lorenzo and Ferigo, Diego and Chavez, Francisco Javier Andrade and Pucci, Daniele},
    month = {10},
    pages = {679--686},
    publisher = {IEEE},
    isbn = {978-1-5386-7630-1},
    doi = {10.1109/Humanoids43949.2019.9035059}
}

@article{Dafarra2020Whole-BodyApproach,
    title = {{Whole-Body Walking Generation using Contact Parametrization: A Non-Linear Trajectory Optimization Approach}},
    year = {2020},
    journal = {Proceedings - IEEE International Conference on Robotics and Automation},
    author = {Dafarra, Stefano and Romualdi, Giulio and Metta, Giorgio and Pucci, Daniele},
    month = {5},
    pages = {1511--1517},
    publisher = {Institute of Electrical and Electronics Engineers Inc.},
    doi = {10.1109/ICRA40945.2020.9196801}
}

@article{Caron2017ZMPConstraints,
    title = {{ZMP Support Areas for Multicontact Mobility Under Frictional Constraints}},
    year = {2017},
    journal = {IEEE Transactions on Robotics},
    author = {Caron, Stephane and Pham, Quang-Cuong and Nakamura, Yoshihiko},
    number = {1},
    month = {2},
    pages = {67--80},
    volume = {33},
    doi = {10.1109/TRO.2016.2623338},
    issn = {1552-3098}
}